ID,Order ID,Order Date,Ship Date,Shipping Method,Customer ID,Product ID,Quantity,Sales,Profit,Shipping Cost
12037,2014-40922,1/14/2014 0:00,1/16/2014 0:00,2 Day,CS-122501,SP-T-3058,6,143.94,28.788,12.0758
12038,2014-40922,1/14/2014 0:00,1/16/2014 0:00,2 Day,CS-122501,AP-M-3748,6,71.94,28.776,7.0358
12039,2014-40922,1/14/2014 0:00,1/16/2014 0:00,2 Day,CS-122501,SP-K-2906,3,74.97,29.988,7.2479
12040,2014-40922,1/14/2014 0:00,1/16/2014 0:00,2 Day,CS-122501,SP-F-3158,2,57.98,17.394,6.0586
12041,2014-40922,1/14/2014 0:00,1/16/2014 0:00,2 Day,CS-122501,SP-F-3184,3,86.97,26.091,8.0879
12045,2014-40923,1/15/2014 0:00,1/16/2014 0:00,First Class,SS-115901,FW-H-3177,4,183.96,55.188,11.198
12051,2014-40927,1/19/2014 0:00,1/22/2014 0:00,2 Day,WW-131951,SP-B-3974,4,83.96,20.99,7.8772
12076,2014-40935,1/27/2014 0:00,1/30/2014 0:00,First Class,EA-119651,FW-H-3643,2,85.98,25.794,6.299
12077,2014-40935,1/27/2014 0:00,1/30/2014 0:00,First Class,EA-119651,SP-K-6098,2,31.98,12.792,3.599
12098,2014-40944,2/5/2014 0:00,2/9/2014 0:00,Standard,CB-132701,SP-S-3159,4,95.96,47.98,5.8384
12099,2014-40944,2/5/2014 0:00,2/9/2014 0:00,Standard,CB-132701,SP-K-2849,3,71.97,28.788,4.8788
12105,2014-40947,2/8/2014 0:00,2/11/2014 0:00,2 Day,CS-122501,SP-T-2922,4,95.96,19.192,8.7172
12108,2014-40951,2/12/2014 0:00,2/16/2014 0:00,2 Day,WA-147251,FW-Y-5171,3,26.97,16.182,3.8879
12109,2014-40951,2/12/2014 0:00,2/16/2014 0:00,2 Day,WA-147251,FW-S-4411,1,13.99,6.995,2.9793
12110,2014-40951,2/12/2014 0:00,2/16/2014 0:00,2 Day,WA-147251,SP-T-3361,2,49.98,9.996,5.4986
12111,2014-40951,2/12/2014 0:00,2/16/2014 0:00,2 Day,WA-147251,SP-K-6098,3,47.97,19.188,5.3579
12112,2014-40951,2/12/2014 0:00,2/16/2014 0:00,2 Day,WA-147251,SP-K-6098,2,31.98,12.792,4.2386
12113,2014-40951,2/12/2014 0:00,2/16/2014 0:00,2 Day,WA-147251,SP-F-3202,3,92.97,27.891,8.5079
12126,2014-40958,2/19/2014 0:00,2/25/2014 0:00,Standard,CB-100151,SP-T-3078,2,49.98,9.996,3.9992
12130,2014-40960,2/21/2014 0:00,2/25/2014 0:00,Standard,CR-207401,SP-S-6604,2,33.98,16.99,3.3592
12152,2014-40970,3/2/2014 0:00,3/7/2014 0:00,Standard,SP-107201,SP-K-2923,3,74.97,29.988,4.9988
12153,2014-40970,3/2/2014 0:00,3/7/2014 0:00,Standard,SP-107201,SP-K-2908,5,124.95,49.98,6.998
12154,2014-40970,3/2/2014 0:00,3/7/2014 0:00,Standard,SP-107201,AP-W-3162,1,14.99,4.497,2.5996
12163,2014-40972,3/4/2014 0:00,3/7/2014 0:00,2 Day,EB-101501,AP-M-4870,3,47.97,19.188,5.3579
12164,2014-40972,3/4/2014 0:00,3/7/2014 0:00,2 Day,EB-101501,SP-S-4217,2,51.98,25.99,5.6386
12165,2014-40972,3/4/2014 0:00,3/7/2014 0:00,2 Day,EB-101501,SP-B-5296,3,50.97,12.7425,5.5679
12166,2014-40972,3/4/2014 0:00,3/7/2014 0:00,2 Day,EB-101501,SP-K-2911,6,149.94,59.976,12.4958
12167,2014-40972,3/4/2014 0:00,3/7/2014 0:00,2 Day,EB-101501,SP-F-6129,2,39.98,11.994,4.7986
12168,2014-40974,3/6/2014 0:00,3/7/2014 0:00,First Class,CB-100151,FW-S-4421,1,11.99,5.995,2.5995
12169,2014-40974,3/6/2014 0:00,3/7/2014 0:00,First Class,CB-100151,SP-B-5296,3,50.97,12.7425,4.5485
12170,2014-40974,3/6/2014 0:00,3/7/2014 0:00,First Class,CB-100151,SP-T-3744,3,74.97,14.994,5.7485
12178,2014-40977,3/9/2014 0:00,3/13/2014 0:00,Standard,EW-202751,SP-S-4390,2,51.98,25.99,4.0792
12198,2014-40982,3/14/2014 0:00,3/18/2014 0:00,Standard,ER-102401,SP-S-4009,3,71.97,35.985,4.8788
12199,2014-40982,3/14/2014 0:00,3/18/2014 0:00,Standard,ER-102401,SP-T-3059,1,24.99,4.998,2.9996
12200,2014-40982,3/14/2014 0:00,3/18/2014 0:00,Standard,ER-102401,SP-K-2869,4,95.96,38.384,5.8384
12201,2014-40982,3/14/2014 0:00,3/18/2014 0:00,Standard,ER-102401,FW-Y-3917,3,134.97,80.982,7.3988
12202,2014-40982,3/14/2014 0:00,3/18/2014 0:00,Standard,ER-102401,SP-K-2848,3,71.97,28.788,4.8788
12241,2014-40988,3/20/2014 0:00,3/24/2014 0:00,Standard,SB-120251,SP-B-3479,2,55.98,13.995,4.2392
12242,2014-40988,3/20/2014 0:00,3/24/2014 0:00,Standard,SB-120251,SP-B-3486,3,83.97,20.9925,5.3588
12254,2014-40989,3/21/2014 0:00,3/25/2014 0:00,Standard,SC-126851,SP-K-2923,5,124.95,49.98,6.998
12255,2014-40989,3/21/2014 0:00,3/25/2014 0:00,Standard,SC-126851,SP-K-2869,4,95.96,38.384,5.8384
12263,2014-40992,3/24/2014 0:00,3/29/2014 0:00,Standard,WA-122651,SP-B-2875,6,155.94,38.985,8.2376
12264,2014-40992,3/24/2014 0:00,3/29/2014 0:00,Standard,WA-122651,AP-M-4879,4,143.96,57.584,7.7584
12265,2014-40992,3/24/2014 0:00,3/29/2014 0:00,Standard,WA-122651,SP-B-5299,2,125.98,31.495,7.0392
12266,2014-40992,3/24/2014 0:00,3/29/2014 0:00,Standard,WA-122651,SP-B-4010,2,41.98,10.495,3.6792
12267,2014-40993,3/25/2014 0:00,3/29/2014 0:00,2 Day,WS-125051,SP-F-3052,5,139.95,41.985,11.7965
12272,2014-40995,3/27/2014 0:00,4/1/2014 0:00,Standard,WV-122951,FW-R-3335,4,307.96,123.184,14.3184
12273,2014-40995,3/27/2014 0:00,4/1/2014 0:00,Standard,WV-122951,SP-K-2908,3,74.97,29.988,4.9988
12274,2014-40995,3/27/2014 0:00,3/31/2014 0:00,Standard,WR-129401,AP-W-3170,3,104.97,31.491,6.1988
12279,2014-40997,3/29/2014 0:00,4/3/2014 0:00,Standard,WA-147251,FW-H-3638,2,85.98,25.794,5.4392
12286,2014-40998,3/30/2014 0:00,4/4/2014 0:00,Standard,CA-103151,SP-K-2906,2,49.98,19.992,3.9992
12287,2014-40998,3/30/2014 0:00,4/4/2014 0:00,Standard,CA-103151,SP-B-3975,2,41.98,10.495,3.6792
12329,2014-41004,4/5/2014 0:00,4/11/2014 0:00,Standard,WY-105551,FW-Y-2862,7,251.93,151.158,12.0772
12330,2014-41004,4/5/2014 0:00,4/11/2014 0:00,Standard,WY-105551,FW-Y-5170,2,17.98,10.788,2.7192
12331,2014-41004,4/5/2014 0:00,4/11/2014 0:00,Standard,WY-105551,SP-S-4460,1,25.99,12.995,3.0396
12332,2014-41004,4/5/2014 0:00,4/11/2014 0:00,Standard,WY-105551,SP-S-6604,3,50.97,25.485,4.0388
12388,2014-41018,4/19/2014 0:00,4/24/2014 0:00,Standard,SP-112301,FW-Y-4236,4,131.96,79.176,7.2784
12392,2014-41019,4/20/2014 0:00,4/24/2014 0:00,Standard,WA-103751,SP-K-2849,5,119.95,47.98,6.798
12402,2014-41023,4/24/2014 0:00,4/29/2014 0:00,Standard,CT-113051,FW-S-4415,5,59.95,29.975,4.398
12403,2014-41023,4/24/2014 0:00,4/29/2014 0:00,Standard,CT-113051,SP-B-4729,3,53.97,13.4925,4.1588
12404,2014-41023,4/24/2014 0:00,4/29/2014 0:00,Standard,CT-113051,FW-Y-5170,5,44.95,26.97,3.798
12405,2014-41023,4/24/2014 0:00,4/28/2014 0:00,Standard,EA-134501,SP-B-2857,3,77.97,19.4925,5.1188
12406,2014-41023,4/24/2014 0:00,4/28/2014 0:00,Standard,EA-134501,SP-S-6604,2,33.98,16.99,3.3592
12413,2014-41026,4/27/2014 0:00,5/2/2014 0:00,Standard,CS-131801,AP-M-3407,2,23.98,9.592,2.9592
12430,2014-41030,5/1/2014 0:00,5/1/2014 0:00,Next Day,ER-105101,SP-B-2863,3,77.97,19.4925,9.0173
12431,2014-41030,5/1/2014 0:00,5/3/2014 0:00,2 Day,SS-118601,AP-M-5094,2,51.98,20.792,5.6386
12435,2014-41032,5/3/2014 0:00,5/3/2014 0:00,Next Day,CA-104801,FW-Y-3917,2,89.98,53.988,10.0982
12436,2014-41032,5/3/2014 0:00,5/6/2014 0:00,First Class,CS-113651,FW-Y-3915,7,314.93,188.958,17.7465
12437,2014-41032,5/3/2014 0:00,5/6/2014 0:00,First Class,CS-113651,SP-B-4011,4,83.96,20.99,6.198
12451,2014-41035,5/6/2014 0:00,5/11/2014 0:00,Standard,CT-119951,FW-S-5090,4,63.96,31.98,4.5584
12452,2014-41035,5/6/2014 0:00,5/11/2014 0:00,Standard,CT-119951,FW-R-3333,2,153.98,61.592,8.1592
12453,2014-41035,5/6/2014 0:00,5/11/2014 0:00,Standard,CT-119951,SP-K-2880,3,71.97,28.788,4.8788
12454,2014-41035,5/6/2014 0:00,5/11/2014 0:00,Standard,CT-119951,SP-B-5299,3,188.97,47.2425,9.5588
12487,2014-41044,5/15/2014 0:00,5/19/2014 0:00,Standard,EC-124751,AP-M-4876,3,107.97,43.188,6.3188
12488,2014-41044,5/15/2014 0:00,5/22/2014 0:00,Standard,SW-190301,FW-S-4840,5,79.95,39.975,5.198
12490,2014-41046,5/17/2014 0:00,5/23/2014 0:00,Standard,WS-117551,AP-W-3136,2,29.98,8.994,3.1992
12491,2014-41046,5/17/2014 0:00,5/21/2014 0:00,2 Day,WA-145151,SP-S-4009,1,23.99,11.995,3.6793
12503,2014-41049,5/20/2014 0:00,5/24/2014 0:00,Standard,ET-115301,SP-B-2874,8,207.92,51.98,10.3168
12511,2014-41049,5/20/2014 0:00,5/24/2014 0:00,Standard,WW-182351,SP-K-2849,7,167.93,67.172,8.7172
12512,2014-41049,5/20/2014 0:00,5/24/2014 0:00,Standard,WW-182351,AP-W-3136,3,44.97,13.491,3.7988
12515,2014-41051,5/22/2014 0:00,5/26/2014 0:00,Standard,ER-105101,AP-W-3509,2,69.98,20.994,4.7992
12516,2014-41051,5/22/2014 0:00,5/26/2014 0:00,Standard,ER-105101,SP-B-5294,9,26.91,6.7275,3.0764
12517,2014-41051,5/22/2014 0:00,5/26/2014 0:00,Standard,ER-105101,SP-K-2904,2,47.98,19.192,3.9192
12523,2014-41053,5/24/2014 0:00,5/28/2014 0:00,Standard,SW-110651,SP-S-4390,2,51.98,25.99,4.0792
12544,2014-41058,5/29/2014 0:00,5/31/2014 0:00,First Class,WW-168251,AP-W-3182,5,174.95,52.485,10.7475
12545,2014-41058,5/29/2014 0:00,5/31/2014 0:00,First Class,WW-168251,SP-B-3973,3,62.97,15.7425,5.1485
12546,2014-41058,5/29/2014 0:00,5/31/2014 0:00,First Class,WW-168251,SP-S-3843,4,95.96,47.98,6.798
12547,2014-41058,5/29/2014 0:00,5/31/2014 0:00,First Class,WW-168251,SP-K-2905,2,49.98,19.992,4.499
12552,2014-41060,5/31/2014 0:00,6/5/2014 0:00,Standard,CR-126251,SP-B-3503,6,167.94,41.985,8.7176
12553,2014-41060,5/31/2014 0:00,6/5/2014 0:00,Standard,CR-126251,SP-K-2905,3,74.97,29.988,4.9988
12554,2014-41060,5/31/2014 0:00,6/5/2014 0:00,2 Day,WW-134801,SP-B-4010,5,104.95,26.2375,9.3465
12555,2014-41060,5/31/2014 0:00,6/5/2014 0:00,2 Day,WW-134801,FW-S-3977,7,300.93,150.465,23.0651
12556,2014-41060,5/31/2014 0:00,6/5/2014 0:00,2 Day,WW-134801,SP-T-4891,2,71.98,14.396,7.0386
12557,2014-41060,5/31/2014 0:00,6/5/2014 0:00,2 Day,WW-134801,SP-F-6129,6,119.94,35.982,10.3958
12558,2014-41060,5/31/2014 0:00,6/5/2014 0:00,2 Day,WW-134801,SP-S-6604,4,67.96,33.98,6.7572
12573,2014-41063,6/3/2014 0:00,6/8/2014 0:00,Standard,ET-114401,FW-H-3649,2,85.98,25.794,5.4392
12574,2014-41063,6/3/2014 0:00,6/8/2014 0:00,Standard,ET-114401,FW-Y-5174,2,17.98,10.788,2.7192
12575,2014-41063,6/3/2014 0:00,6/8/2014 0:00,Standard,ET-114401,SP-B-3479,4,111.96,27.99,6.4784
12576,2014-41063,6/3/2014 0:00,6/8/2014 0:00,Standard,ET-114401,FW-Y-4236,2,65.98,39.588,4.6392
12587,2014-41066,6/6/2014 0:00,6/9/2014 0:00,2 Day,EP-110951,SP-K-6098,3,47.97,19.188,5.3579
12588,2014-41066,6/6/2014 0:00,6/10/2014 0:00,2 Day,ER-185501,FW-R-3428,3,224.97,89.988,17.7479
12589,2014-41067,6/7/2014 0:00,6/13/2014 0:00,Standard,WS-119501,FW-S-4651,3,53.97,26.985,4.1588
12600,2014-41068,6/8/2014 0:00,6/12/2014 0:00,2 Day,WW-119051,AP-M-4140,2,23.98,9.592,3.6786
12601,2014-41068,6/8/2014 0:00,6/12/2014 0:00,2 Day,WW-119051,SP-B-3479,2,55.98,13.995,5.9186
12602,2014-41068,6/8/2014 0:00,6/12/2014 0:00,2 Day,WW-119051,AP-W-3795,1,24.99,7.497,3.7493
12611,2014-41073,6/13/2014 0:00,6/19/2014 0:00,Standard,CR-204251,FW-H-3638,3,128.97,38.691,7.1588
12626,2014-41079,6/19/2014 0:00,6/26/2014 0:00,Standard,EO-126401,SP-B-3974,6,125.94,31.485,7.0376
12627,2014-41079,6/19/2014 0:00,6/26/2014 0:00,Standard,EO-126401,SP-B-5298,2,65.98,16.495,4.6392
12635,2014-41080,6/20/2014 0:00,6/24/2014 0:00,Standard,WB-130601,AP-W-3814,7,174.93,52.479,8.9972
12636,2014-41080,6/20/2014 0:00,6/24/2014 0:00,Standard,WB-130601,SP-B-5296,2,33.98,8.495,3.3592
12641,2014-41080,6/20/2014 0:00,6/24/2014 0:00,Standard,WW-184001,AP-Y-4200,3,35.97,17.985,3.4388
12642,2014-41080,6/20/2014 0:00,6/24/2014 0:00,Standard,WW-184001,AP-M-5094,4,103.96,41.584,6.1584
12643,2014-41080,6/20/2014 0:00,6/24/2014 0:00,Standard,WW-184001,SP-F-3192,4,123.96,37.188,6.9584
12644,2014-41080,6/20/2014 0:00,6/24/2014 0:00,Standard,WW-184001,SP-K-2909,2,49.98,19.992,3.9992
12645,2014-41080,6/20/2014 0:00,6/24/2014 0:00,Standard,WW-184001,FW-Y-5171,1,8.99,5.394,2.3596
12646,2014-41080,6/20/2014 0:00,6/24/2014 0:00,Standard,WW-184001,SP-B-3974,2,41.98,10.495,3.6792
12653,2014-41081,6/21/2014 0:00,6/26/2014 0:00,Standard,EA-106451,FW-S-4650,5,89.95,44.975,5.598
12654,2014-41081,6/21/2014 0:00,6/26/2014 0:00,Standard,EA-106451,FW-S-4840,3,47.97,23.985,3.9188
12655,2014-41081,6/21/2014 0:00,6/26/2014 0:00,Standard,EA-106451,AP-W-2879,3,32.97,9.891,3.3188
12660,2014-41082,6/22/2014 0:00,6/27/2014 0:00,Standard,WS-116651,AP-M-4876,3,107.97,43.188,6.3188
12671,2014-41087,6/27/2014 0:00,7/1/2014 0:00,Standard,EA-127751,FW-S-4416,5,59.95,29.975,4.398
12672,2014-41087,6/27/2014 0:00,7/1/2014 0:00,Standard,EA-127751,SP-S-3159,4,95.96,47.98,5.8384
12673,2014-41087,6/27/2014 0:00,7/1/2014 0:00,Standard,EA-127751,SP-S-6604,8,135.92,67.96,7.4368
12674,2014-41087,6/27/2014 0:00,7/1/2014 0:00,Standard,EA-127751,SP-K-2850,3,71.97,28.788,4.8788
12675,2014-41087,6/27/2014 0:00,7/1/2014 0:00,Standard,EA-127751,SP-K-2904,3,71.97,28.788,4.8788
12676,2014-41087,6/27/2014 0:00,7/3/2014 0:00,Standard,CW-196301,SP-F-3197,1,30.99,9.297,3.2396
12679,2014-41089,6/29/2014 0:00,7/2/2014 0:00,2 Day,SR-108251,SP-B-3446,5,139.95,34.9875,11.7965
12681,2014-41089,6/29/2014 0:00,7/5/2014 0:00,Standard,SS-118601,SP-B-5299,3,188.97,47.2425,9.5588
12682,2014-41089,6/29/2014 0:00,7/5/2014 0:00,Standard,SS-118601,SP-K-2911,1,24.99,9.996,2.9996
12688,2014-41090,6/30/2014 0:00,7/4/2014 0:00,Standard,WW-168251,AP-W-3811,2,49.98,14.994,3.9992
12689,2014-41090,6/30/2014 0:00,7/4/2014 0:00,Standard,WW-168251,SP-K-2849,6,143.94,57.576,7.7576
12696,2014-41094,7/4/2014 0:00,7/4/2014 0:00,Next Day,SC-128501,SP-T-3745,3,74.97,14.994,8.7473
12697,2014-41094,7/4/2014 0:00,7/4/2014 0:00,Next Day,SC-128501,SP-T-2920,11,263.89,52.778,25.7501
12698,2014-41094,7/4/2014 0:00,7/11/2014 0:00,Standard,WW-131951,SP-B-5294,3,8.97,2.2425,2.3588
12706,2014-41095,7/5/2014 0:00,7/11/2014 0:00,Standard,WC-111251,FW-S-4397,2,81.98,40.99,5.2792
12715,2014-41098,7/8/2014 0:00,7/13/2014 0:00,Standard,WS-130301,FW-H-3638,1,42.99,12.897,3.7196
12716,2014-41098,7/8/2014 0:00,7/13/2014 0:00,Standard,WS-130301,SP-S-3839,5,119.95,59.975,6.798
12717,2014-41098,7/8/2014 0:00,7/13/2014 0:00,Standard,WS-130301,SP-B-5294,2,5.98,1.495,2.2392
12718,2014-41098,7/8/2014 0:00,7/13/2014 0:00,Standard,WS-130301,SP-K-2907,6,149.94,59.976,7.9976
12732,2014-41101,7/11/2014 0:00,7/16/2014 0:00,Standard,CC-104201,FW-R-3428,3,224.97,89.988,10.9988
12733,2014-41101,7/11/2014 0:00,7/16/2014 0:00,Standard,CC-104201,SP-K-6098,2,31.98,12.792,3.2792
12745,2014-41103,7/13/2014 0:00,7/19/2014 0:00,Standard,WW-109301,SP-K-2905,7,174.93,69.972,8.9972
12746,2014-41103,7/13/2014 0:00,7/19/2014 0:00,Standard,WW-109301,AP-W-3514,4,139.96,41.988,7.5984
12758,2014-41108,7/18/2014 0:00,7/23/2014 0:00,Standard,CA-123101,AP-W-3161,2,29.98,8.994,3.1992
12759,2014-41108,7/18/2014 0:00,7/23/2014 0:00,Standard,CA-123101,FW-R-3335,1,76.99,30.796,5.0796
12760,2014-41108,7/18/2014 0:00,7/23/2014 0:00,Standard,CA-123101,SP-K-2911,1,24.99,9.996,2.9996
12761,2014-41108,7/18/2014 0:00,7/23/2014 0:00,Standard,CA-123101,SP-K-2907,2,49.98,19.992,3.9992
12763,2014-41109,7/19/2014 0:00,7/21/2014 0:00,First Class,CC-121451,SP-S-4115,1,25.99,12.995,3.2995
12764,2014-41109,7/19/2014 0:00,7/21/2014 0:00,First Class,CC-121451,FW-Y-5164,3,26.97,16.182,3.3485
12765,2014-41109,7/19/2014 0:00,7/21/2014 0:00,First Class,CC-121451,SP-S-3328,4,95.96,47.98,6.798
12766,2014-41109,7/19/2014 0:00,7/21/2014 0:00,First Class,CC-121451,SP-K-6098,2,31.98,12.792,3.599
12776,2014-41109,7/19/2014 0:00,7/19/2014 0:00,Next Day,EW-202451,SP-T-3744,1,24.99,4.998,4.2491
12777,2014-41109,7/19/2014 0:00,7/19/2014 0:00,Next Day,EW-202451,SP-K-2849,3,71.97,28.788,8.4773
12786,2014-41111,7/21/2014 0:00,7/27/2014 0:00,Standard,SB-102551,SP-B-3503,6,167.94,41.985,8.7176
12823,2014-41116,7/26/2014 0:00,8/1/2014 0:00,Standard,SR-213251,SP-S-3843,11,263.89,131.945,12.5556
12824,2014-41116,7/26/2014 0:00,7/29/2014 0:00,2 Day,EB-109901,SP-T-4891,2,71.98,14.396,7.0386
12825,2014-41116,7/26/2014 0:00,7/28/2014 0:00,2 Day,EW-146051,AP-M-5094,2,51.98,20.792,5.6386
12830,2014-41121,7/31/2014 0:00,8/5/2014 0:00,Standard,CS-106301,SP-F-2903,2,55.98,16.794,4.2392
12842,2014-41123,8/2/2014 0:00,8/4/2014 0:00,First Class,WS-117551,FW-R-3556,2,149.98,59.992,9.499
12843,2014-41123,8/2/2014 0:00,8/4/2014 0:00,First Class,WS-117551,SP-B-3485,1,27.99,6.9975,3.3995
12854,2014-41125,8/4/2014 0:00,8/8/2014 0:00,Standard,WS-121301,FW-S-4412,7,97.93,48.965,5.9172
12855,2014-41125,8/4/2014 0:00,8/8/2014 0:00,Standard,WS-121301,SP-S-4323,2,51.98,25.99,4.0792
12856,2014-41125,8/4/2014 0:00,8/8/2014 0:00,Standard,WS-121301,SP-F-6129,3,59.97,17.991,4.3988
12868,2014-41128,8/7/2014 0:00,8/14/2014 0:00,Standard,WR-169151,AP-M-4876,3,107.97,43.188,6.3188
12869,2014-41128,8/7/2014 0:00,8/14/2014 0:00,Standard,WR-169151,AP-W-3160,5,74.95,22.485,4.998
12870,2014-41128,8/7/2014 0:00,8/14/2014 0:00,Standard,WR-169151,FW-Y-2871,8,287.92,172.752,13.5168
12871,2014-41128,8/7/2014 0:00,8/14/2014 0:00,Standard,WR-169151,SP-B-4010,2,41.98,10.495,3.6792
12894,2014-41132,8/11/2014 0:00,8/15/2014 0:00,Standard,WW-112001,AP-W-3509,8,279.92,83.976,13.1968
12895,2014-41132,8/11/2014 0:00,8/15/2014 0:00,Standard,WW-112001,FW-Y-5416,3,26.97,16.182,3.0788
12896,2014-41132,8/11/2014 0:00,8/15/2014 0:00,Standard,CS-121751,SP-K-2852,7,167.93,67.172,8.7172
12910,2014-41135,8/14/2014 0:00,8/16/2014 0:00,First Class,SS-123551,SP-B-4011,5,104.95,26.2375,7.2475
12911,2014-41135,8/14/2014 0:00,8/16/2014 0:00,First Class,SS-123551,SP-S-3842,5,119.95,59.975,7.9975
12912,2014-41135,8/14/2014 0:00,8/17/2014 0:00,First Class,SS-123551,SP-K-2848,3,71.97,28.788,5.5985
12920,2014-41139,8/18/2014 0:00,8/22/2014 0:00,Standard,CS-113651,SP-T-6088,3,149.97,29.994,7.9988
12921,2014-41139,8/18/2014 0:00,8/20/2014 0:00,2 Day,WW-131951,FW-Y-3914,7,314.93,188.958,24.0451
12922,2014-41139,8/18/2014 0:00,8/20/2014 0:00,2 Day,WW-131951,SP-K-2923,2,49.98,19.992,5.4986
12927,2014-41140,8/19/2014 0:00,8/24/2014 0:00,2 Day,CR-127301,FW-S-4415,2,23.98,11.99,3.6786
12934,2014-41143,8/22/2014 0:00,8/26/2014 0:00,Standard,WP-109151,SP-S-6604,9,152.91,76.455,8.1164
12935,2014-41143,8/22/2014 0:00,8/26/2014 0:00,Standard,WP-109151,AP-W-3814,9,224.91,67.473,10.9964
12936,2014-41143,8/22/2014 0:00,8/26/2014 0:00,Standard,WP-109151,SP-S-4009,6,143.94,71.97,7.7576
12937,2014-41143,8/22/2014 0:00,8/26/2014 0:00,Standard,WP-109151,SP-S-4324,3,77.97,38.985,5.1188
12938,2014-41143,8/22/2014 0:00,8/26/2014 0:00,Standard,WP-109151,SP-F-6129,1,19.99,5.997,2.7996
12939,2014-41143,8/22/2014 0:00,8/26/2014 0:00,Standard,WP-109151,FW-Y-5165,3,26.97,16.182,3.0788
12940,2014-41143,8/22/2014 0:00,8/27/2014 0:00,2 Day,CR-126251,SP-S-6604,3,50.97,25.485,5.5679
12944,2014-41144,8/23/2014 0:00,8/25/2014 0:00,2 Day,EW-135851,SP-F-6129,3,59.97,17.991,6.1979
12948,2014-41145,8/24/2014 0:00,8/29/2014 0:00,Standard,SS-115901,SP-K-2923,8,199.92,79.968,9.9968
12949,2014-41145,8/24/2014 0:00,8/29/2014 0:00,Standard,SS-115901,SP-K-6098,4,63.96,25.584,4.5584
12950,2014-41145,8/24/2014 0:00,8/29/2014 0:00,Standard,SS-115901,SP-K-2911,3,74.97,29.988,4.9988
12957,2014-41145,8/24/2014 0:00,8/29/2014 0:00,Standard,WW-182201,AP-W-3161,7,104.93,31.479,6.1972
12968,2014-41147,8/26/2014 0:00,8/28/2014 0:00,First Class,WC-126101,FW-R-3561,3,224.97,89.988,13.2485
12969,2014-41147,8/26/2014 0:00,8/28/2014 0:00,First Class,WC-126101,AP-W-3169,5,174.95,52.485,10.7475
12970,2014-41147,8/26/2014 0:00,8/28/2014 0:00,First Class,WC-126101,FW-Y-5174,4,35.96,21.576,3.798
12980,2014-41150,8/29/2014 0:00,9/3/2014 0:00,Standard,CT-107351,SP-T-2921,3,71.97,14.394,4.8788
12981,2014-41150,8/29/2014 0:00,9/3/2014 0:00,Standard,CT-107351,SP-K-6098,5,79.95,31.98,5.198
12990,2014-41153,9/1/2014 0:00,9/6/2014 0:00,2 Day,WV-122951,AP-M-4876,3,107.97,43.188,9.5579
12998,2014-41154,9/2/2014 0:00,9/3/2014 0:00,First Class,CR-175451,SP-K-2904,5,119.95,47.98,7.9975
13000,2014-41156,9/4/2014 0:00,9/6/2014 0:00,First Class,WR-188801,FW-Y-5174,2,17.98,10.788,2.899
13004,2014-41158,9/6/2014 0:00,9/11/2014 0:00,2 Day,CR-170351,SP-K-2911,5,124.95,49.98,10.7465
13005,2014-41158,9/6/2014 0:00,9/11/2014 0:00,2 Day,CR-170351,SP-F-6129,4,79.96,23.988,7.5972
13006,2014-41158,9/6/2014 0:00,9/11/2014 0:00,2 Day,CR-170351,SP-S-3328,2,47.98,23.99,5.3586
13055,2014-41160,9/8/2014 0:00,9/13/2014 0:00,2 Day,EC-122201,SP-F-6129,3,59.97,17.991,6.1979
13064,2014-41160,9/8/2014 0:00,9/11/2014 0:00,2 Day,CR-195251,FW-S-4413,6,83.94,41.97,7.8758
13065,2014-41160,9/8/2014 0:00,9/11/2014 0:00,2 Day,CR-195251,SP-T-5980,5,34.95,6.99,4.4465
13066,2014-41160,9/8/2014 0:00,9/11/2014 0:00,2 Day,CR-195251,SP-S-4324,3,77.97,38.985,7.4579
13067,2014-41160,9/8/2014 0:00,9/11/2014 0:00,2 Day,CR-195251,SP-F-6129,2,39.98,11.994,4.7986
13070,2014-41161,9/9/2014 0:00,9/13/2014 0:00,Standard,EA-134501,SP-K-6098,2,31.98,12.792,3.2792
13073,2014-41162,9/10/2014 0:00,9/15/2014 0:00,Standard,SW-171251,FW-Y-3913,3,134.97,80.982,7.3988
13078,2014-41163,9/11/2014 0:00,9/16/2014 0:00,2 Day,EW-172151,FW-S-4623,6,107.94,53.97,9.5558
13085,2014-41164,9/12/2014 0:00,9/16/2014 0:00,Standard,WC-111251,FW-S-4840,6,95.94,47.97,5.8376
13086,2014-41164,9/12/2014 0:00,9/18/2014 0:00,Standard,EC-128501,SP-B-5295,3,26.97,6.7425,3.0788
13087,2014-41164,9/12/2014 0:00,9/16/2014 0:00,Standard,EA-140351,SP-K-2850,7,167.93,67.172,8.7172
13102,2014-41165,9/13/2014 0:00,9/17/2014 0:00,2 Day,EA-127751,SP-B-5295,5,44.95,11.2375,5.1465
13103,2014-41165,9/13/2014 0:00,9/17/2014 0:00,2 Day,EA-127751,FW-Y-2862,3,107.97,64.782,9.5579
13119,2014-41166,9/14/2014 0:00,9/19/2014 0:00,Standard,CA-103151,SP-F-3199,3,92.97,27.891,5.7188
13120,2014-41166,9/14/2014 0:00,9/19/2014 0:00,Standard,CA-103151,FW-Y-5174,2,17.98,10.788,2.7192
13136,2014-41168,9/16/2014 0:00,9/20/2014 0:00,Standard,ER-185501,SP-K-6098,3,47.97,19.188,3.9188
13137,2014-41170,9/18/2014 0:00,9/18/2014 0:00,Next Day,CS-113651,FW-S-4673,7,111.93,55.965,12.0737
13138,2014-41170,9/18/2014 0:00,9/23/2014 0:00,Standard,WA-142301,SP-F-3204,2,61.98,18.594,4.4792
13150,2014-41171,9/19/2014 0:00,9/25/2014 0:00,Standard,WR-101407,SP-S-3507,4,95.96,47.98,5.8384
13151,2014-41171,9/19/2014 0:00,9/25/2014 0:00,Standard,WR-101407,SP-F-3051,2,55.98,16.794,4.2392
13155,2014-41171,9/19/2014 0:00,9/22/2014 0:00,First Class,WW-182201,FW-H-3638,2,85.98,25.794,6.299
13156,2014-41171,9/19/2014 0:00,9/22/2014 0:00,First Class,WW-182201,AP-W-2878,9,98.91,29.673,6.9455
13157,2014-41171,9/19/2014 0:00,9/22/2014 0:00,First Class,WW-182201,FW-S-4416,2,23.98,11.99,3.199
13158,2014-41171,9/19/2014 0:00,9/22/2014 0:00,First Class,WW-182201,AP-W-3804,5,124.95,37.485,8.2475
13159,2014-41171,9/19/2014 0:00,9/22/2014 0:00,First Class,WW-182201,SP-F-3204,6,185.94,55.782,11.297
13160,2014-41171,9/19/2014 0:00,9/22/2014 0:00,First Class,WW-182201,SP-B-4099,1,20.99,5.2475,3.0495
13180,2014-41173,9/21/2014 0:00,9/28/2014 0:00,Standard,ER-100901,FW-S-4661,4,71.96,35.98,4.8784
13181,2014-41173,9/21/2014 0:00,9/28/2014 0:00,Standard,ER-100901,FW-Y-2864,3,107.97,64.782,6.3188
13182,2014-41173,9/21/2014 0:00,9/28/2014 0:00,Standard,ER-100901,SP-K-2852,1,23.99,9.596,2.9596
13183,2014-41173,9/21/2014 0:00,9/28/2014 0:00,Standard,ER-100901,SP-B-2875,4,103.96,25.99,6.1584
13206,2014-41177,9/25/2014 0:00,9/29/2014 0:00,Standard,CS-124001,SP-T-3018,2,47.98,9.596,3.9192
13210,2014-41177,9/25/2014 0:00,9/29/2014 0:00,Standard,EA-134501,SP-S-3507,4,95.96,47.98,5.8384
13211,2014-41177,9/25/2014 0:00,9/29/2014 0:00,Standard,EA-134501,SP-B-4010,6,125.94,31.485,7.0376
13212,2014-41177,9/25/2014 0:00,9/29/2014 0:00,Standard,EA-134501,AP-M-4945,2,51.98,20.792,4.0792
13226,2014-41180,9/28/2014 0:00,10/2/2014 0:00,Standard,WP-109151,AP-Y-6131,2,33.98,16.99,3.3592
13227,2014-41180,9/28/2014 0:00,10/2/2014 0:00,Standard,WP-109151,FW-Y-4234,2,65.98,39.588,4.6392
13228,2014-41180,9/28/2014 0:00,10/2/2014 0:00,Standard,WP-109151,SP-T-3360,1,24.99,4.998,2.9996
13229,2014-41180,9/28/2014 0:00,10/2/2014 0:00,Standard,WP-109151,SP-S-6604,1,16.99,8.495,2.6796
13230,2014-41180,9/28/2014 0:00,10/2/2014 0:00,Standard,WP-109151,SP-F-6129,4,79.96,23.988,5.1984
13245,2014-41181,9/29/2014 0:00,10/4/2014 0:00,Standard,WW-112001,SP-S-6604,3,50.97,25.485,4.0388
13248,2014-41181,9/29/2014 0:00,10/3/2014 0:00,Standard,CW-165701,SP-B-4099,6,125.94,31.485,7.0376
13252,2014-41183,10/1/2014 0:00,10/4/2014 0:00,First Class,WR-101407,AP-W-3514,2,69.98,20.994,5.499
13253,2014-41183,10/1/2014 0:00,10/4/2014 0:00,First Class,WR-101407,AP-W-3163,3,44.97,13.491,4.2485
13254,2014-41183,10/1/2014 0:00,10/4/2014 0:00,First Class,WR-101407,SP-K-2906,6,149.94,59.976,9.497
13255,2014-41183,10/1/2014 0:00,10/4/2014 0:00,First Class,WR-101407,AP-M-4945,1,25.99,10.396,3.2995
13256,2014-41183,10/1/2014 0:00,10/4/2014 0:00,First Class,WR-101407,SP-S-4323,2,51.98,25.99,4.599
13257,2014-41183,10/1/2014 0:00,10/4/2014 0:00,First Class,WR-101407,SP-F-3200,2,61.98,18.594,5.099
13258,2014-41183,10/1/2014 0:00,10/4/2014 0:00,First Class,WR-101407,SP-F-6129,2,39.98,11.994,3.999
13259,2014-41184,10/2/2014 0:00,10/7/2014 0:00,2 Day,CR-104051,FW-R-3426,1,74.99,29.996,7.2493
13260,2014-41184,10/2/2014 0:00,10/7/2014 0:00,2 Day,CR-104051,FW-S-4394,3,128.97,64.485,11.0279
13261,2014-41184,10/2/2014 0:00,10/7/2014 0:00,2 Day,SP-112901,FW-S-4412,3,41.97,20.985,4.9379
13262,2014-41184,10/2/2014 0:00,10/2/2014 0:00,Next Day,WO-134351,AP-M-3124,3,35.97,14.388,5.2373
13263,2014-41184,10/2/2014 0:00,10/2/2014 0:00,Next Day,WO-134351,SP-B-4729,2,35.98,8.995,5.2382
13264,2014-41184,10/2/2014 0:00,10/2/2014 0:00,Next Day,WO-134351,SP-K-2904,5,119.95,47.98,12.7955
13272,2014-41185,10/3/2014 0:00,10/5/2014 0:00,First Class,EC-122201,FW-S-4641,5,89.95,44.975,6.4975
13278,2014-41187,10/5/2014 0:00,10/7/2014 0:00,2 Day,WM-103601,SP-K-2905,2,49.98,19.992,5.4986
13283,2014-41188,10/6/2014 0:00,10/12/2014 0:00,Standard,ER-175451,FW-Y-5165,5,44.95,26.97,3.798
13286,2014-41190,10/8/2014 0:00,10/14/2014 0:00,Standard,EP-110951,SP-S-4009,2,47.98,23.99,3.9192
13293,2014-41191,10/9/2014 0:00,10/9/2014 0:00,Next Day,CC-143351,SP-B-3972,7,146.93,36.7325,15.2237
13299,2014-41192,10/10/2014 0:00,10/14/2014 0:00,Standard,ER-102401,SP-K-2849,1,23.99,9.596,2.9596
13308,2014-41193,10/11/2014 0:00,10/16/2014 0:00,Standard,EP-110501,SP-F-6129,2,39.98,11.994,3.5992
13332,2014-41196,10/14/2014 0:00,10/16/2014 0:00,First Class,WC-106601,FW-S-4413,2,27.98,13.99,3.399
13333,2014-41196,10/14/2014 0:00,10/16/2014 0:00,First Class,WC-106601,SP-S-3507,2,47.98,23.99,4.399
13340,2014-41199,10/17/2014 0:00,10/19/2014 0:00,2 Day,SR-101351,AP-W-3183,5,174.95,52.485,14.2465
13341,2014-41199,10/17/2014 0:00,10/19/2014 0:00,2 Day,SR-101351,SP-T-2860,3,71.97,14.394,7.0379
13342,2014-41199,10/17/2014 0:00,10/19/2014 0:00,2 Day,SR-101351,FW-S-4415,6,71.94,35.97,7.0358
13372,2014-41205,10/23/2014 0:00,10/28/2014 0:00,Standard,WA-103751,SP-K-2904,3,71.97,28.788,4.8788
13373,2014-41205,10/23/2014 0:00,10/23/2014 0:00,Next Day,WP-109151,SP-F-3040,3,83.97,25.191,9.5573
13374,2014-41205,10/23/2014 0:00,10/28/2014 0:00,Standard,SB-129101,SP-S-6604,2,33.98,16.99,3.3592
13382,2014-41209,10/27/2014 0:00,10/31/2014 0:00,Standard,ET-113951,AP-W-3811,2,49.98,14.994,3.9992
13391,2014-41212,10/30/2014 0:00,11/2/2014 0:00,2 Day,SC-104501,AP-W-3123,8,87.92,26.376,8.1544
13392,2014-41212,10/30/2014 0:00,11/1/2014 0:00,2 Day,WM-107051,FW-S-4674,5,79.95,39.975,7.5965
13393,2014-41212,10/30/2014 0:00,11/1/2014 0:00,2 Day,WM-107051,FW-R-3426,1,74.99,29.996,7.2493
13394,2014-41212,10/30/2014 0:00,11/1/2014 0:00,2 Day,WM-107051,FW-Y-3916,2,89.98,53.988,8.2986
13395,2014-41212,10/30/2014 0:00,11/1/2014 0:00,2 Day,WM-107051,SP-B-4741,5,109.95,27.4875,9.6965
13396,2014-41212,10/30/2014 0:00,11/1/2014 0:00,2 Day,WM-107051,SP-S-3159,2,47.98,23.99,5.3586
13397,2014-41212,10/30/2014 0:00,11/1/2014 0:00,2 Day,WM-107051,FW-Y-3910,3,134.97,80.982,11.4479
13398,2014-41212,10/30/2014 0:00,11/1/2014 0:00,2 Day,WM-107051,SP-K-2869,2,47.98,19.192,5.3586
13414,2014-41213,10/31/2014 0:00,11/2/2014 0:00,First Class,EA-140351,FW-Y-4236,2,65.98,39.588,5.299
13415,2014-41213,10/31/2014 0:00,11/2/2014 0:00,First Class,EA-140351,SP-K-2907,3,74.97,29.988,5.7485
13416,2014-41213,10/31/2014 0:00,11/2/2014 0:00,First Class,EA-140351,SP-K-2906,2,49.98,19.992,4.499
13441,2014-41215,11/2/2014 0:00,11/7/2014 0:00,Standard,CT-107351,SP-S-3328,9,215.91,107.955,10.6364
13442,2014-41215,11/2/2014 0:00,11/7/2014 0:00,Standard,CT-107351,SP-F-6129,2,39.98,11.994,3.5992
13477,2014-41217,11/4/2014 0:00,11/9/2014 0:00,Standard,CR-207401,AP-M-4945,3,77.97,31.188,5.1188
13478,2014-41218,11/5/2014 0:00,11/10/2014 0:00,Standard,WA-145151,SP-F-6129,6,119.94,35.982,6.7976
13479,2014-41219,11/6/2014 0:00,11/7/2014 0:00,First Class,EP-110951,SP-F-3184,4,115.96,34.788,7.798
13480,2014-41219,11/6/2014 0:00,11/7/2014 0:00,First Class,EP-110951,SP-S-4460,3,77.97,38.985,5.8985
13513,2014-41223,11/10/2014 0:00,11/17/2014 0:00,Standard,WP-109151,FW-S-4673,1,15.99,7.995,2.6396
13514,2014-41223,11/10/2014 0:00,11/17/2014 0:00,Standard,WP-109151,SP-B-2875,3,77.97,19.4925,5.1188
13539,2014-41224,11/11/2014 0:00,11/15/2014 0:00,Standard,WB-129701,FW-H-3409,1,45.99,13.797,3.8396
13540,2014-41224,11/11/2014 0:00,11/15/2014 0:00,Standard,WB-129701,AP-M-4871,3,47.97,19.188,3.9188
13541,2014-41224,11/11/2014 0:00,11/15/2014 0:00,Standard,WB-129701,SP-S-6604,7,118.93,59.465,6.7572
13542,2014-41224,11/11/2014 0:00,11/15/2014 0:00,Standard,WB-129701,SP-F-6129,6,119.94,35.982,6.7976
13543,2014-41224,11/11/2014 0:00,11/15/2014 0:00,Standard,WB-129701,SP-B-2874,1,25.99,6.4975,3.0396
13551,2014-41226,11/13/2014 0:00,11/19/2014 0:00,Standard,EC-122201,SP-S-3328,5,119.95,59.975,6.798
13567,2014-41228,11/15/2014 0:00,11/19/2014 0:00,Standard,WB-101651,FW-S-4415,2,23.98,11.99,2.9592
13572,2014-41228,11/15/2014 0:00,11/20/2014 0:00,Standard,CR-207401,SP-K-2852,5,119.95,47.98,6.798
13573,2014-41228,11/15/2014 0:00,11/20/2014 0:00,Standard,CR-207401,SP-T-3744,5,124.95,24.99,6.998
13574,2014-41228,11/15/2014 0:00,11/20/2014 0:00,Standard,CR-207401,SP-K-6098,4,63.96,25.584,4.5584
13575,2014-41228,11/15/2014 0:00,11/20/2014 0:00,Standard,CR-207401,SP-S-3328,6,143.94,71.97,7.7576
13576,2014-41229,11/16/2014 0:00,11/20/2014 0:00,Standard,SB-120251,SP-K-2911,3,74.97,29.988,4.9988
13589,2014-41230,11/17/2014 0:00,11/24/2014 0:00,Standard,WB-106001,SP-K-2907,5,124.95,49.98,6.998
13590,2014-41230,11/17/2014 0:00,11/21/2014 0:00,Standard,WS-119501,AP-W-3183,6,209.94,62.982,10.3976
13591,2014-41230,11/17/2014 0:00,11/21/2014 0:00,Standard,WS-119501,FW-Y-3916,3,134.97,80.982,7.3988
13592,2014-41230,11/17/2014 0:00,11/21/2014 0:00,Standard,WS-119501,SP-T-4891,1,35.99,7.198,3.4396
13593,2014-41230,11/17/2014 0:00,11/21/2014 0:00,Standard,WS-119501,SP-K-2848,1,23.99,9.596,2.9596
13594,2014-41230,11/17/2014 0:00,11/21/2014 0:00,Standard,WS-119501,SP-K-2848,3,71.97,28.788,4.8788
13607,2014-41230,11/17/2014 0:00,11/19/2014 0:00,2 Day,EW-192401,FW-R-3424,2,153.98,61.592,12.7786
13608,2014-41230,11/17/2014 0:00,11/19/2014 0:00,2 Day,EW-192401,SP-S-4390,4,103.96,51.98,9.2772
13610,2014-41231,11/18/2014 0:00,11/23/2014 0:00,2 Day,WB-133601,SP-S-3842,3,71.97,35.985,7.0379
13611,2014-41231,11/18/2014 0:00,11/24/2014 0:00,Standard,ER-145601,FW-H-3623,6,275.94,82.782,13.0376
13612,2014-41231,11/18/2014 0:00,11/24/2014 0:00,Standard,ER-145601,SP-K-2911,7,174.93,69.972,8.9972
13613,2014-41231,11/18/2014 0:00,11/24/2014 0:00,Standard,ER-145601,SP-F-3052,2,55.98,16.794,4.2392
13614,2014-41231,11/18/2014 0:00,11/24/2014 0:00,Standard,ER-145601,SP-F-3199,6,185.94,55.782,9.4376
13616,2014-41231,11/18/2014 0:00,11/23/2014 0:00,Standard,WW-182201,AP-W-3122,3,32.97,9.891,3.3188
13617,2014-41231,11/18/2014 0:00,11/23/2014 0:00,Standard,WW-182201,SP-T-4891,4,143.96,28.792,7.7584
13630,2014-41233,11/20/2014 0:00,11/25/2014 0:00,Standard,ER-145601,SP-S-6604,2,33.98,16.99,3.3592
13643,2014-41235,11/22/2014 0:00,11/26/2014 0:00,Standard,ET-114401,SP-K-6098,3,47.97,19.188,3.9188
13655,2014-41236,11/23/2014 0:00,11/29/2014 0:00,Standard,ET-104351,SP-K-2907,3,74.97,29.988,4.9988
13659,2014-41236,11/23/2014 0:00,11/29/2014 0:00,Standard,WR-148301,SP-T-3744,6,149.94,29.988,7.9976
13660,2014-41236,11/23/2014 0:00,11/29/2014 0:00,Standard,WR-148301,SP-T-4891,2,71.98,14.396,4.8792
13661,2014-41236,11/23/2014 0:00,11/29/2014 0:00,Standard,WR-148301,SP-S-6604,4,67.96,33.98,4.7184
13662,2014-41236,11/23/2014 0:00,11/29/2014 0:00,Standard,WR-148301,SP-K-2849,7,167.93,67.172,8.7172
13674,2014-41237,11/24/2014 0:00,11/26/2014 0:00,2 Day,ER-105401,FW-Y-2862,2,71.98,43.188,7.0386
13675,2014-41237,11/24/2014 0:00,11/26/2014 0:00,2 Day,WW-168251,SP-B-2875,6,155.94,38.985,12.9158
13676,2014-41237,11/24/2014 0:00,11/26/2014 0:00,2 Day,WW-168251,SP-S-4009,4,95.96,47.98,8.7172
13677,2014-41237,11/24/2014 0:00,11/26/2014 0:00,2 Day,WW-168251,SP-F-3202,3,92.97,27.891,8.5079
13701,2014-41238,11/25/2014 0:00,12/1/2014 0:00,Standard,WW-184001,SP-T-4891,5,179.95,35.99,9.198
13702,2014-41238,11/25/2014 0:00,12/1/2014 0:00,Standard,WW-184001,AP-W-3123,4,43.96,13.188,3.7584
13703,2014-41238,11/25/2014 0:00,12/1/2014 0:00,Standard,WW-184001,SP-S-6604,3,50.97,25.485,4.0388
13707,2014-41240,11/27/2014 0:00,12/1/2014 0:00,Standard,ST-116801,AP-Y-6155,5,84.95,42.475,5.398
13708,2014-41240,11/27/2014 0:00,11/30/2014 0:00,2 Day,CS-122501,FW-Y-3911,5,224.95,134.97,17.7465
13709,2014-41240,11/27/2014 0:00,11/30/2014 0:00,2 Day,CS-122501,SP-S-4217,7,181.93,90.965,14.7351
13710,2014-41240,11/27/2014 0:00,11/30/2014 0:00,2 Day,CS-122501,SP-K-2911,3,74.97,29.988,7.2479
13711,2014-41240,11/27/2014 0:00,11/30/2014 0:00,2 Day,CS-122501,SP-B-3445,4,111.96,27.99,9.8372
13721,2014-41241,11/28/2014 0:00,12/3/2014 0:00,Standard,CS-113801,SP-F-3204,2,61.98,18.594,4.4792
13722,2014-41241,11/28/2014 0:00,12/5/2014 0:00,Standard,WO-126401,SP-F-2890,2,55.98,16.794,4.2392
13728,2014-41243,11/30/2014 0:00,12/2/2014 0:00,First Class,EA-106451,AP-W-3795,2,49.98,14.994,4.499
13729,2014-41243,11/30/2014 0:00,12/2/2014 0:00,First Class,EA-106451,FW-Y-4236,3,98.97,59.382,6.9485
13730,2014-41243,11/30/2014 0:00,12/2/2014 0:00,First Class,EA-106451,FW-Y-5416,2,17.98,10.788,2.899
13739,2014-41243,11/30/2014 0:00,12/4/2014 0:00,Standard,SR-213251,FW-Y-4329,3,98.97,59.382,5.9588
13757,2014-41247,12/4/2014 0:00,12/9/2014 0:00,Standard,SS-115901,SP-B-4741,8,175.92,43.98,9.0368
13758,2014-41247,12/4/2014 0:00,12/9/2014 0:00,Standard,SS-115901,AP-W-3514,4,139.96,41.988,7.5984
13761,2014-41247,12/4/2014 0:00,12/8/2014 0:00,Standard,EA-140351,AP-W-3804,2,49.98,14.994,3.9992
13762,2014-41247,12/4/2014 0:00,12/8/2014 0:00,Standard,EA-140351,SP-S-4323,3,77.97,38.985,5.1188
13763,2014-41247,12/4/2014 0:00,12/8/2014 0:00,Standard,EA-140351,SP-S-3507,3,71.97,35.985,4.8788
13764,2014-41247,12/4/2014 0:00,12/8/2014 0:00,Standard,EA-140351,AP-W-3170,1,34.99,10.497,3.3996
13765,2014-41247,12/4/2014 0:00,12/8/2014 0:00,Standard,EA-140351,SP-K-2880,4,95.96,38.384,5.8384
13784,2014-41249,12/6/2014 0:00,12/12/2014 0:00,Standard,CS-106301,SP-T-3058,7,167.93,33.586,8.7172
13814,2014-41254,12/11/2014 0:00,12/11/2014 0:00,Next Day,WY-127451,SP-K-2908,2,49.98,19.992,6.4982
13830,2014-41256,12/13/2014 0:00,12/15/2014 0:00,First Class,ES-118451,SP-K-2848,3,71.97,28.788,5.5985
13843,2014-41258,12/15/2014 0:00,12/16/2014 0:00,First Class,CC-121001,AP-W-3170,4,139.96,41.988,8.998
13844,2014-41258,12/15/2014 0:00,12/16/2014 0:00,First Class,CC-121001,FW-S-3977,2,85.98,42.99,6.299
13845,2014-41258,12/15/2014 0:00,12/16/2014 0:00,First Class,CC-121001,AP-M-4300,5,79.95,31.98,5.9975
13846,2014-41258,12/15/2014 0:00,12/16/2014 0:00,First Class,CC-121001,FW-Y-3916,2,89.98,53.988,6.499
13858,2014-41259,12/16/2014 0:00,12/23/2014 0:00,Standard,WC-140501,SP-K-2909,4,99.96,39.984,5.9984
13860,2014-41261,12/18/2014 0:00,12/20/2014 0:00,First Class,EP-110951,AP-W-3814,5,124.95,37.485,8.2475
13861,2014-41261,12/18/2014 0:00,12/20/2014 0:00,First Class,EP-110951,AP-W-3804,4,99.96,29.988,6.998
13862,2014-41261,12/18/2014 0:00,12/20/2014 0:00,First Class,EP-110951,SP-F-3076,5,144.95,43.485,9.2475
13863,2014-41261,12/18/2014 0:00,12/20/2014 0:00,First Class,EP-110951,SP-F-3204,2,61.98,18.594,5.099
13872,2014-41262,12/19/2014 0:00,12/22/2014 0:00,First Class,CB-101051,SP-K-2911,3,74.97,29.988,5.7485
13873,2014-41262,12/19/2014 0:00,12/22/2014 0:00,First Class,CB-101051,SP-F-3206,1,30.99,9.297,3.5495
13874,2014-41262,12/19/2014 0:00,12/21/2014 0:00,First Class,CT-119951,FW-S-4419,3,35.97,17.985,3.7985
13875,2014-41262,12/19/2014 0:00,12/21/2014 0:00,First Class,CT-119951,SP-S-3843,5,119.95,59.975,7.9975
13876,2014-41262,12/19/2014 0:00,12/21/2014 0:00,First Class,CT-119951,AP-M-5094,3,77.97,31.188,5.8985
13877,2014-41262,12/19/2014 0:00,12/21/2014 0:00,First Class,CT-119951,FW-Y-2867,2,71.98,43.188,5.599
13878,2014-41262,12/19/2014 0:00,12/21/2014 0:00,First Class,CT-119951,SP-S-3507,2,47.98,23.99,4.399
13900,2014-41264,12/21/2014 0:00,12/25/2014 0:00,Standard,ET-115301,SP-T-3015,4,95.96,19.192,5.8384
13906,2014-41265,12/22/2014 0:00,12/26/2014 0:00,2 Day,CC-126701,SP-T-6079,2,39.98,7.996,4.7986
13907,2014-41265,12/22/2014 0:00,12/26/2014 0:00,2 Day,CC-126701,SP-T-2921,5,119.95,23.99,10.3965
13908,2014-41265,12/22/2014 0:00,12/26/2014 0:00,2 Day,CC-126701,FW-S-5048,1,15.99,7.995,3.1193
13909,2014-41265,12/22/2014 0:00,12/26/2014 0:00,2 Day,CC-126701,SP-S-3843,3,71.97,35.985,7.0379
13910,2014-41265,12/22/2014 0:00,12/26/2014 0:00,2 Day,CC-126701,SP-B-5294,1,2.99,0.7475,2.2093
13915,2014-41266,12/23/2014 0:00,12/25/2014 0:00,First Class,ER-100901,SP-B-2886,1,25.99,6.4975,3.2995
13927,2014-41268,12/25/2014 0:00,12/29/2014 0:00,Standard,WY-105551,SP-B-4099,3,62.97,15.7425,4.5188
13928,2014-41268,12/25/2014 0:00,12/30/2014 0:00,Standard,WA-122651,SP-K-2848,5,119.95,47.98,6.798
13941,2014-41269,12/26/2014 0:00,12/29/2014 0:00,2 Day,ET-104351,SP-F-3206,4,123.96,37.188,10.6772
13942,2014-41269,12/26/2014 0:00,12/30/2014 0:00,Standard,EO-126401,SP-F-2890,4,111.96,33.588,6.4784
13943,2014-41269,12/26/2014 0:00,12/30/2014 0:00,Standard,WO-126401,FW-Y-3910,6,269.94,161.964,12.7976
13972,2014-41271,12/28/2014 0:00,1/1/2015 0:00,Standard,EC-132851,AP-M-4873,4,63.96,25.584,4.5584
13973,2014-41271,12/28/2014 0:00,1/1/2015 0:00,Standard,EC-132851,SP-T-4891,2,71.98,14.396,4.8792
13979,2014-41272,12/29/2014 0:00,1/2/2015 0:00,2 Day,CR-103451,FW-R-3556,3,224.97,89.988,17.7479
13980,2014-41272,12/29/2014 0:00,1/2/2015 0:00,2 Day,CR-103451,AP-W-3814,6,149.94,44.982,12.4958
13984,2014-41272,12/29/2014 0:00,1/2/2015 0:00,Standard,WA-147251,AP-M-4945,2,51.98,20.792,4.0792
14004,2014-41273,12/30/2014 0:00,1/3/2015 0:00,Standard,CW-196301,SP-B-2886,7,181.93,45.4825,9.2772
14005,2014-41273,12/30/2014 0:00,1/3/2015 0:00,Standard,CW-196301,AP-M-4799,7,111.93,44.772,6.4772
14006,2015-41275,1/1/2015 0:00,1/3/2015 0:00,2 Day,SB-125351,SP-T-4891,2,71.98,14.396,7.0386
14007,2015-41275,1/1/2015 0:00,1/3/2015 0:00,2 Day,SB-125351,SP-S-4009,3,71.97,35.985,7.0379
14008,2015-41275,1/1/2015 0:00,1/3/2015 0:00,2 Day,SB-125351,SP-B-4729,3,53.97,13.4925,5.7779
14019,2015-41277,1/3/2015 0:00,1/9/2015 0:00,Standard,CS-122501,SP-K-2906,3,74.97,29.988,4.9988
14020,2015-41277,1/3/2015 0:00,1/9/2015 0:00,Standard,CS-122501,SP-F-6129,5,99.95,29.985,5.998
14026,2015-41278,1/4/2015 0:00,1/9/2015 0:00,Standard,CR-207401,FW-S-4396,1,40.99,20.495,3.6396
14029,2015-41282,1/8/2015 0:00,1/12/2015 0:00,Standard,SC-126851,SP-B-2857,3,77.97,19.4925,5.1188
14030,2015-41282,1/8/2015 0:00,1/12/2015 0:00,Standard,SC-126851,SP-F-2903,3,83.97,25.191,5.3588
14031,2015-41282,1/8/2015 0:00,1/12/2015 0:00,Standard,SC-126851,SP-S-4217,5,129.95,64.975,7.198
14032,2015-41282,1/8/2015 0:00,1/12/2015 0:00,Standard,SC-126851,SP-B-3479,2,55.98,13.995,4.2392
14034,2015-41285,1/11/2015 0:00,1/16/2015 0:00,Standard,ES-124901,AP-W-3181,2,69.98,20.994,4.7992
14035,2015-41285,1/11/2015 0:00,1/16/2015 0:00,Standard,ES-124901,AP-W-3161,3,44.97,13.491,3.7988
14036,2015-41285,1/11/2015 0:00,1/16/2015 0:00,Standard,ES-124901,AP-W-3120,4,43.96,13.188,3.7584
14037,2015-41285,1/11/2015 0:00,1/16/2015 0:00,Standard,ES-124901,SP-B-3446,2,55.98,13.995,4.2392
14038,2015-41285,1/11/2015 0:00,1/16/2015 0:00,Standard,ES-124901,AP-M-4870,2,31.98,12.792,3.2792
14049,2015-41296,1/22/2015 0:00,1/26/2015 0:00,Standard,WW-119051,SP-S-4302,3,77.97,38.985,5.1188
14050,2015-41296,1/22/2015 0:00,1/26/2015 0:00,Standard,WW-119051,SP-F-3076,2,57.98,17.394,4.3192
14051,2015-41297,1/23/2015 0:00,1/27/2015 0:00,Standard,CR-128201,SP-B-3446,5,139.95,34.9875,7.598
14058,2015-41303,1/29/2015 0:00,2/5/2015 0:00,Standard,CC-121451,AP-Y-3329,3,26.97,13.485,3.0788
14059,2015-41303,1/29/2015 0:00,2/5/2015 0:00,Standard,CC-121451,FW-Y-2871,7,251.93,151.158,12.0772
14064,2015-41307,2/2/2015 0:00,2/4/2015 0:00,First Class,WA-103751,AP-M-4938,3,107.97,43.188,7.3985
14065,2015-41307,2/2/2015 0:00,2/4/2015 0:00,First Class,WA-103751,FW-Y-2871,2,71.98,43.188,5.599
14068,2015-41307,2/2/2015 0:00,2/6/2015 0:00,Standard,SW-190301,FW-S-4409,1,13.99,6.995,2.5596
14069,2015-41307,2/2/2015 0:00,2/3/2015 0:00,First Class,WW-195401,FW-Y-4234,4,131.96,79.176,8.598
14085,2015-41313,2/8/2015 0:00,2/10/2015 0:00,2 Day,WA-142301,SP-F-2910,4,111.96,33.588,9.8372
14086,2015-41313,2/8/2015 0:00,2/10/2015 0:00,2 Day,WA-142301,FW-Y-2867,2,71.98,43.188,7.0386
14109,2015-41322,2/17/2015 0:00,2/21/2015 0:00,Standard,WB-106001,SP-F-3064,3,86.97,26.091,5.4788
14115,2015-41325,2/20/2015 0:00,2/26/2015 0:00,Standard,EW-192401,SP-K-2850,2,47.98,19.192,3.9192
14121,2015-41331,2/26/2015 0:00,2/27/2015 0:00,First Class,ET-113951,SP-K-2852,3,71.97,28.788,5.5985
14122,2015-41331,2/26/2015 0:00,2/27/2015 0:00,First Class,ET-113951,SP-B-4099,6,125.94,31.485,8.297
14123,2015-41331,2/26/2015 0:00,3/2/2015 0:00,Standard,WR-101407,FW-R-3335,7,538.93,215.572,23.5572
14124,2015-41331,2/26/2015 0:00,3/2/2015 0:00,Standard,WR-101407,AP-W-2878,2,21.98,6.594,2.8792
14160,2015-41341,3/8/2015 0:00,3/13/2015 0:00,Standard,SR-108251,SP-S-6604,3,50.97,25.485,4.0388
14167,2015-41341,3/8/2015 0:00,3/10/2015 0:00,First Class,CC-143351,SP-B-3486,1,27.99,6.9975,3.3995
14194,2015-41350,3/17/2015 0:00,3/22/2015 0:00,2 Day,WR-148301,SP-T-6079,2,39.98,7.996,4.7986
14195,2015-41350,3/17/2015 0:00,3/22/2015 0:00,2 Day,WR-148301,AP-M-4942,1,25.99,10.396,3.8193
14202,2015-41352,3/19/2015 0:00,3/24/2015 0:00,Standard,EC-128501,SP-F-6129,3,59.97,17.991,4.3988
14206,2015-41352,3/19/2015 0:00,3/20/2015 0:00,First Class,WA-147251,SP-F-6129,5,99.95,29.985,6.9975
14209,2015-41353,3/20/2015 0:00,3/23/2015 0:00,First Class,SW-111101,SP-S-6604,8,135.92,67.96,8.796
14218,2015-41354,3/21/2015 0:00,3/26/2015 0:00,Standard,SW-160751,SP-B-4011,4,83.96,20.99,5.3584
14219,2015-41354,3/21/2015 0:00,3/26/2015 0:00,Standard,SW-160751,SP-S-3159,14,335.86,167.93,15.4344
14220,2015-41354,3/21/2015 0:00,3/26/2015 0:00,Standard,SW-160751,SP-K-2905,3,74.97,29.988,4.9988
14221,2015-41355,3/22/2015 0:00,3/26/2015 0:00,Standard,EB-132101,SP-T-3745,2,49.98,9.996,3.9992
14222,2015-41355,3/22/2015 0:00,3/26/2015 0:00,Standard,EB-132101,AP-M-4940,1,25.99,10.396,3.0396
14223,2015-41355,3/22/2015 0:00,3/26/2015 0:00,Standard,EB-132101,SP-K-6098,9,143.91,57.564,7.7564
14224,2015-41355,3/22/2015 0:00,3/22/2015 0:00,Next Day,EC-132851,AP-M-3748,7,83.93,33.572,9.5537
14225,2015-41355,3/22/2015 0:00,3/22/2015 0:00,Next Day,EC-132851,SP-T-3744,9,224.91,44.982,22.2419
14226,2015-41355,3/22/2015 0:00,3/27/2015 0:00,Standard,EW-143951,SP-B-4729,4,71.96,17.99,4.8784
14231,2015-41356,3/23/2015 0:00,3/25/2015 0:00,First Class,WM-103601,AP-M-3407,3,35.97,14.388,3.7985
14232,2015-41356,3/23/2015 0:00,3/25/2015 0:00,First Class,WM-103601,SP-S-4009,11,263.89,131.945,15.1945
14233,2015-41356,3/23/2015 0:00,3/30/2015 0:00,Standard,EP-110951,SP-S-4323,4,103.96,51.98,6.1584
14237,2015-41357,3/24/2015 0:00,3/30/2015 0:00,Standard,CP-111851,SP-B-3972,2,41.98,10.495,3.6792
14240,2015-41359,3/26/2015 0:00,3/31/2015 0:00,Standard,WV-112451,SP-S-6604,3,50.97,25.485,4.0388
14247,2015-41361,3/28/2015 0:00,4/2/2015 0:00,Standard,WB-101651,AP-M-4870,1,15.99,6.396,2.6396
14248,2015-41361,3/28/2015 0:00,4/2/2015 0:00,Standard,WB-101651,SP-S-4390,5,129.95,64.975,7.198
14252,2015-41362,3/29/2015 0:00,4/3/2015 0:00,2 Day,ER-102401,SP-B-5294,2,5.98,1.495,2.4186
14254,2015-41362,3/29/2015 0:00,4/4/2015 0:00,Standard,WO-134351,SP-B-2886,4,103.96,25.99,6.1584
14260,2015-41363,3/30/2015 0:00,4/3/2015 0:00,Standard,WR-129401,FW-S-4641,4,71.96,35.98,4.8784
14261,2015-41363,3/30/2015 0:00,4/4/2015 0:00,Standard,CC-143351,AP-W-3163,5,74.95,22.485,4.998
14262,2015-41363,3/30/2015 0:00,4/4/2015 0:00,Standard,CC-143351,SP-F-6129,5,99.95,29.985,5.998
14266,2015-41366,4/2/2015 0:00,4/7/2015 0:00,Standard,ES-118451,SP-K-2869,3,71.97,28.788,4.8788
14281,2015-41369,4/5/2015 0:00,4/11/2015 0:00,Standard,EA-119651,FW-S-4416,3,35.97,17.985,3.4388
14311,2015-41375,4/11/2015 0:00,4/14/2015 0:00,2 Day,ER-105401,AP-M-5098,4,103.96,41.584,9.2772
14312,2015-41375,4/11/2015 0:00,4/14/2015 0:00,2 Day,ER-105401,SP-F-2910,2,55.98,16.794,5.9186
14313,2015-41375,4/11/2015 0:00,4/17/2015 0:00,Standard,WR-188801,FW-Y-4233,3,98.97,59.382,5.9588
14314,2015-41375,4/11/2015 0:00,4/17/2015 0:00,Standard,WR-188801,FW-Y-4236,2,65.98,39.588,4.6392
14319,2015-41377,4/13/2015 0:00,4/15/2015 0:00,2 Day,WW-108401,SP-S-4390,1,25.99,12.995,3.8193
14320,2015-41377,4/13/2015 0:00,4/19/2015 0:00,Standard,ET-113951,AP-W-2878,2,21.98,6.594,2.8792
14321,2015-41377,4/13/2015 0:00,4/19/2015 0:00,Standard,ET-113951,SP-B-2872,2,51.98,12.995,4.0792
14322,2015-41377,4/13/2015 0:00,4/19/2015 0:00,Standard,ET-113951,FW-Y-4329,2,65.98,39.588,4.6392
14349,2015-41381,4/17/2015 0:00,4/21/2015 0:00,Standard,WA-145151,SP-B-4729,5,89.95,22.4875,5.598
14350,2015-41381,4/17/2015 0:00,4/21/2015 0:00,Standard,WA-145151,AP-W-3017,5,54.95,16.485,4.198
14351,2015-41381,4/17/2015 0:00,4/21/2015 0:00,Standard,WA-145151,AP-M-3407,3,35.97,14.388,3.4388
14352,2015-41381,4/17/2015 0:00,4/21/2015 0:00,Standard,WA-145151,SP-S-4323,2,51.98,25.99,4.0792
14353,2015-41381,4/17/2015 0:00,4/21/2015 0:00,Standard,WA-145151,SP-B-5295,2,17.98,4.495,2.7192
14363,2015-41382,4/18/2015 0:00,4/19/2015 0:00,First Class,CW-165701,AP-M-5094,6,155.94,62.376,9.797
14377,2015-41384,4/20/2015 0:00,4/25/2015 0:00,Standard,WR-101407,SP-S-4460,3,77.97,38.985,5.1188
14388,2015-41388,4/24/2015 0:00,4/28/2015 0:00,Standard,CB-132701,SP-B-3446,1,27.99,6.9975,3.1196
14396,2015-41390,4/26/2015 0:00,5/1/2015 0:00,Standard,SW-111101,AP-W-3163,3,44.97,13.491,3.7988
14397,2015-41390,4/26/2015 0:00,5/1/2015 0:00,Standard,SW-111101,FW-S-4418,3,35.97,17.985,3.4388
14398,2015-41390,4/26/2015 0:00,5/1/2015 0:00,Standard,SW-111101,SP-B-5298,3,98.97,24.7425,5.9588
14399,2015-41390,4/26/2015 0:00,5/1/2015 0:00,Standard,SW-111101,SP-K-2849,3,71.97,28.788,4.8788
14403,2015-41390,4/26/2015 0:00,4/30/2015 0:00,Standard,EW-192401,FW-S-4420,2,23.98,11.99,2.9592
14417,2015-41394,4/30/2015 0:00,5/2/2015 0:00,2 Day,SP-112301,AP-W-3782,5,124.95,37.485,10.7465
14418,2015-41394,4/30/2015 0:00,5/4/2015 0:00,Standard,WW-152201,AP-W-2879,10,109.9,32.97,6.396
14419,2015-41394,4/30/2015 0:00,5/4/2015 0:00,Standard,WW-152201,FW-Y-3913,5,224.95,134.97,10.998
14420,2015-41394,4/30/2015 0:00,5/4/2015 0:00,Standard,WW-152201,FW-Y-3911,5,224.95,134.97,10.998
14421,2015-41394,4/30/2015 0:00,5/4/2015 0:00,Standard,WW-152201,FW-Y-3910,1,44.99,26.994,3.7996
14422,2015-41394,4/30/2015 0:00,5/4/2015 0:00,Standard,WW-152201,SP-S-4390,1,25.99,12.995,3.0396
14426,2015-41395,5/1/2015 0:00,5/5/2015 0:00,Standard,EB-131201,SP-B-5295,6,53.94,13.485,4.1576
14427,2015-41395,5/1/2015 0:00,5/5/2015 0:00,Standard,EB-131201,FW-Y-2864,3,107.97,64.782,6.3188
14428,2015-41395,5/1/2015 0:00,5/5/2015 0:00,Standard,EB-131201,SP-S-4302,3,77.97,38.985,5.1188
14448,2015-41398,5/4/2015 0:00,5/9/2015 0:00,2 Day,SR-101351,FW-Y-3915,2,89.98,53.988,8.2986
14454,2015-41401,5/7/2015 0:00,5/12/2015 0:00,Standard,EC-122201,SP-S-4302,2,51.98,25.99,4.0792
14455,2015-41402,5/8/2015 0:00,5/10/2015 0:00,First Class,SB-102551,SP-S-4302,2,51.98,25.99,4.599
14456,2015-41402,5/8/2015 0:00,5/12/2015 0:00,Standard,WA-103751,SP-B-5299,2,125.98,31.495,7.0392
14457,2015-41402,5/8/2015 0:00,5/14/2015 0:00,Standard,SB-125351,FW-Y-3916,6,269.94,161.964,12.7976
14461,2015-41402,5/8/2015 0:00,5/15/2015 0:00,Standard,WW-184001,AP-M-4876,7,251.93,100.772,12.0772
14462,2015-41402,5/8/2015 0:00,5/15/2015 0:00,Standard,WW-184001,SP-S-3839,3,71.97,35.985,4.8788
14463,2015-41402,5/8/2015 0:00,5/15/2015 0:00,Standard,WW-184001,FW-Y-2867,3,107.97,64.782,6.3188
14464,2015-41402,5/8/2015 0:00,5/15/2015 0:00,Standard,WW-184001,FW-S-4420,2,23.98,11.99,2.9592
14465,2015-41402,5/8/2015 0:00,5/15/2015 0:00,Standard,WW-184001,SP-S-6604,3,50.97,25.485,4.0388
14467,2015-41404,5/10/2015 0:00,5/15/2015 0:00,Standard,WB-101651,AP-M-3407,4,47.96,19.184,3.9184
14472,2015-41406,5/12/2015 0:00,5/16/2015 0:00,Standard,WS-125051,SP-S-4460,6,155.94,77.97,8.2376
14473,2015-41406,5/12/2015 0:00,5/16/2015 0:00,Standard,WS-125051,SP-S-4390,3,77.97,38.985,5.1188
14481,2015-41408,5/14/2015 0:00,5/19/2015 0:00,Standard,SB-125351,FW-H-3621,5,229.95,68.985,11.198
14482,2015-41408,5/14/2015 0:00,5/19/2015 0:00,Standard,SB-125351,FW-S-4415,3,35.97,17.985,3.4388
14483,2015-41408,5/14/2015 0:00,5/19/2015 0:00,Standard,SB-125351,FW-S-4620,2,35.98,17.99,3.4392
14484,2015-41408,5/14/2015 0:00,5/19/2015 0:00,Standard,SB-125351,FW-Y-2862,3,107.97,64.782,6.3188
14494,2015-41409,5/15/2015 0:00,5/22/2015 0:00,Standard,CC-143351,SP-T-3745,2,49.98,9.996,3.9992
14512,2015-41417,5/23/2015 0:00,5/28/2015 0:00,Standard,EA-140351,SP-K-2908,3,74.97,29.988,4.9988
14518,2015-41419,5/25/2015 0:00,5/28/2015 0:00,2 Day,WY-127451,AP-W-3782,4,99.96,29.988,8.9972
14543,2015-41423,5/29/2015 0:00,5/31/2015 0:00,First Class,CC-121001,SP-F-2916,3,83.97,25.191,6.1985
14556,2015-41425,5/31/2015 0:00,6/2/2015 0:00,2 Day,WW-119051,SP-F-3081,6,173.94,52.182,14.1758
14579,2015-41429,6/4/2015 0:00,6/9/2015 0:00,2 Day,EP-111551,AP-M-4938,3,107.97,43.188,9.5579
14580,2015-41429,6/4/2015 0:00,6/9/2015 0:00,2 Day,EP-111551,AP-M-4870,2,31.98,12.792,4.2386
14585,2015-41430,6/5/2015 0:00,6/9/2015 0:00,Standard,CB-115451,SP-S-6604,2,33.98,16.99,3.3592
14630,2015-41438,6/13/2015 0:00,6/15/2015 0:00,2 Day,WC-142451,SP-B-5298,1,32.99,8.2475,4.3093
14636,2015-41440,6/15/2015 0:00,6/17/2015 0:00,First Class,SC-104501,AP-M-3407,1,11.99,4.796,2.5995
14648,2015-41443,6/18/2015 0:00,6/20/2015 0:00,First Class,WV-112451,FW-S-4417,4,47.96,23.98,4.398
14649,2015-41443,6/18/2015 0:00,6/20/2015 0:00,First Class,WV-112451,SP-S-6604,4,67.96,33.98,5.398
14650,2015-41443,6/18/2015 0:00,6/20/2015 0:00,First Class,WV-112451,SP-K-2849,3,71.97,28.788,5.5985
14652,2015-41443,6/18/2015 0:00,6/22/2015 0:00,Standard,WR-148301,SP-B-3503,4,111.96,27.99,6.4784
14668,2015-41445,6/20/2015 0:00,6/24/2015 0:00,2 Day,WC-111251,AP-M-4300,2,31.98,12.792,4.2386
14675,2015-41447,6/22/2015 0:00,6/27/2015 0:00,Standard,SW-204551,SP-K-2907,2,49.98,19.992,3.9992
14676,2015-41448,6/23/2015 0:00,6/28/2015 0:00,Standard,SS-123551,AP-W-3121,2,21.98,6.594,2.8792
14677,2015-41448,6/23/2015 0:00,6/28/2015 0:00,Standard,SS-123551,AP-W-3154,3,44.97,13.491,3.7988
14678,2015-41448,6/23/2015 0:00,6/28/2015 0:00,Standard,SS-123551,SP-F-3158,3,86.97,26.091,5.4788
14683,2015-41450,6/25/2015 0:00,7/1/2015 0:00,Standard,WB-101651,SP-T-5980,3,20.97,4.194,2.8388
14684,2015-41450,6/25/2015 0:00,7/1/2015 0:00,Standard,WB-101651,SP-K-2849,3,71.97,28.788,4.8788
14685,2015-41450,6/25/2015 0:00,7/1/2015 0:00,Standard,WB-101651,SP-F-3040,2,55.98,16.794,4.2392
14693,2015-41451,6/26/2015 0:00,6/30/2015 0:00,Standard,WB-133601,SP-S-4324,9,233.91,116.955,11.3564
14700,2015-41453,6/28/2015 0:00,7/2/2015 0:00,Standard,WY-127451,FW-Y-3910,4,179.96,107.976,9.1984
14701,2015-41453,6/28/2015 0:00,7/2/2015 0:00,Standard,WY-127451,SP-F-3080,2,57.98,17.394,4.3192
14702,2015-41453,6/28/2015 0:00,7/3/2015 0:00,2 Day,EW-135851,FW-H-3409,6,275.94,82.782,21.3158
14703,2015-41453,6/28/2015 0:00,7/3/2015 0:00,2 Day,EW-135851,SP-S-6604,3,50.97,25.485,5.5679
14710,2015-41457,7/2/2015 0:00,7/4/2015 0:00,First Class,WA-142301,FW-Y-2862,10,359.9,215.94,19.995
14711,2015-41457,7/2/2015 0:00,7/4/2015 0:00,First Class,WA-142301,AP-W-3183,1,34.99,10.497,3.7495
14712,2015-41457,7/2/2015 0:00,7/4/2015 0:00,First Class,WA-142301,SP-S-3507,2,47.98,23.99,4.399
14713,2015-41457,7/2/2015 0:00,7/4/2015 0:00,First Class,WA-142301,SP-K-6098,2,31.98,12.792,3.599
14722,2015-41457,7/2/2015 0:00,7/3/2015 0:00,First Class,CR-207401,SP-S-6604,3,50.97,25.485,4.5485
14733,2015-41460,7/5/2015 0:00,7/10/2015 0:00,Standard,WW-182201,SP-T-2922,3,71.97,14.394,4.8788
14734,2015-41460,7/5/2015 0:00,7/10/2015 0:00,Standard,WW-182201,AP-M-4788,3,47.97,19.188,3.9188
14746,2015-41464,7/9/2015 0:00,7/14/2015 0:00,Standard,ST-116801,AP-Y-4278,3,35.97,17.985,3.4388
14747,2015-41464,7/9/2015 0:00,7/14/2015 0:00,Standard,ST-116801,FW-Y-3914,2,89.98,53.988,5.5992
14748,2015-41464,7/9/2015 0:00,7/14/2015 0:00,Standard,ST-116801,SP-K-2880,9,215.91,86.364,10.6364
14749,2015-41464,7/9/2015 0:00,7/14/2015 0:00,Standard,ST-116801,SP-T-4891,7,251.93,50.386,12.0772
14750,2015-41464,7/9/2015 0:00,7/14/2015 0:00,Standard,ST-116801,SP-K-2869,3,71.97,28.788,4.8788
14751,2015-41464,7/9/2015 0:00,7/14/2015 0:00,Standard,ST-116801,SP-B-5298,4,131.96,32.99,7.2784
14752,2015-41464,7/9/2015 0:00,7/14/2015 0:00,Standard,ST-116801,SP-K-6098,6,95.94,38.376,5.8376
14753,2015-41464,7/9/2015 0:00,7/14/2015 0:00,Standard,ST-116801,SP-F-3184,3,86.97,26.091,5.4788
14754,2015-41464,7/9/2015 0:00,7/14/2015 0:00,Standard,ST-116801,SP-F-3040,4,111.96,33.588,6.4784
14755,2015-41464,7/9/2015 0:00,7/13/2015 0:00,Standard,SB-125351,SP-K-6098,3,47.97,19.188,3.9188
14756,2015-41464,7/9/2015 0:00,7/13/2015 0:00,Standard,SB-125351,SP-S-4323,2,51.98,25.99,4.0792
14832,2015-41481,7/26/2015 0:00,7/26/2015 0:00,Next Day,ER-102401,SP-S-4217,2,51.98,25.99,6.6782
14833,2015-41481,7/26/2015 0:00,7/31/2015 0:00,Standard,EP-110951,SP-B-5298,5,164.95,41.2375,8.598
14834,2015-41481,7/26/2015 0:00,7/31/2015 0:00,Standard,EP-110951,SP-K-6098,6,95.94,38.376,5.8376
14835,2015-41481,7/26/2015 0:00,7/31/2015 0:00,Standard,EP-110951,SP-K-2869,3,71.97,28.788,4.8788
14837,2015-41481,7/26/2015 0:00,7/28/2015 0:00,First Class,EA-127751,FW-R-3412,3,230.97,92.388,13.5485
14840,2015-41485,7/30/2015 0:00,8/3/2015 0:00,2 Day,WC-126101,SP-T-3361,4,99.96,19.992,8.9972
14845,2015-41486,7/31/2015 0:00,8/6/2015 0:00,Standard,CR-104051,AP-M-3125,6,71.94,28.776,4.8776
14856,2015-41488,8/2/2015 0:00,8/6/2015 0:00,Standard,WO-126401,AP-Y-5491,2,49.98,24.99,3.9992
14857,2015-41488,8/2/2015 0:00,8/6/2015 0:00,Standard,WO-126401,SP-K-2904,2,47.98,19.192,3.9192
14871,2015-41493,8/7/2015 0:00,8/8/2015 0:00,First Class,CW-165701,FW-Y-5172,3,26.97,16.182,3.3485
14872,2015-41493,8/7/2015 0:00,8/8/2015 0:00,First Class,CW-165701,SP-K-6098,4,63.96,25.584,5.198
14883,2015-41495,8/9/2015 0:00,8/16/2015 0:00,Standard,CS-131801,FW-R-3410,5,384.95,153.98,17.398
14884,2015-41495,8/9/2015 0:00,8/16/2015 0:00,Standard,CS-131801,SP-T-4891,1,35.99,7.198,3.4396
14885,2015-41495,8/9/2015 0:00,8/16/2015 0:00,Standard,CS-131801,SP-B-5294,1,2.99,0.7475,2.1196
14886,2015-41495,8/9/2015 0:00,8/13/2015 0:00,2 Day,ER-147701,FW-H-3621,5,229.95,68.985,18.0965
14907,2015-41497,8/11/2015 0:00,8/16/2015 0:00,Standard,SW-110651,FW-Y-3914,3,134.97,80.982,7.3988
14923,2015-41502,8/16/2015 0:00,8/20/2015 0:00,Standard,SW-159551,FW-H-3643,3,128.97,38.691,7.1588
14924,2015-41502,8/16/2015 0:00,8/20/2015 0:00,Standard,SW-159551,SP-T-3745,7,174.93,34.986,8.9972
14937,2015-41507,8/21/2015 0:00,8/26/2015 0:00,Standard,CS-131801,FW-H-3650,6,257.94,77.382,12.3176
14938,2015-41507,8/21/2015 0:00,8/26/2015 0:00,Standard,CS-131801,SP-T-3745,1,24.99,4.998,2.9996
14966,2015-41510,8/24/2015 0:00,8/28/2015 0:00,Standard,SB-120251,SP-T-6079,14,279.86,55.972,13.1944
14967,2015-41510,8/24/2015 0:00,8/28/2015 0:00,Standard,SB-120251,SP-T-3078,7,174.93,34.986,8.9972
14968,2015-41510,8/24/2015 0:00,8/28/2015 0:00,Standard,SB-120251,FW-R-3426,5,374.95,149.98,16.998
14969,2015-41510,8/24/2015 0:00,8/28/2015 0:00,Standard,SB-120251,SP-K-2852,3,71.97,28.788,4.8788
14970,2015-41510,8/24/2015 0:00,8/26/2015 0:00,First Class,WO-134351,SP-B-5296,3,50.97,12.7425,4.5485
14973,2015-41510,8/24/2015 0:00,8/28/2015 0:00,Standard,CW-164351,AP-Y-3783,7,62.93,31.465,4.5172
14974,2015-41510,8/24/2015 0:00,8/28/2015 0:00,Standard,CW-164351,AP-W-3163,3,44.97,13.491,3.7988
14975,2015-41510,8/24/2015 0:00,8/28/2015 0:00,Standard,CW-164351,AP-M-3124,4,47.96,19.184,3.9184
14985,2015-41513,8/27/2015 0:00,8/31/2015 0:00,Standard,CC-121001,SP-K-2905,1,24.99,9.996,2.9996
14990,2015-41514,8/28/2015 0:00,9/1/2015 0:00,Standard,CP-111851,AP-W-3181,5,174.95,52.485,8.998
14991,2015-41514,8/28/2015 0:00,9/1/2015 0:00,Standard,CP-111851,FW-R-3427,1,74.99,29.996,4.9996
14992,2015-41514,8/28/2015 0:00,9/4/2015 0:00,Standard,SB-120251,SP-T-3079,5,124.95,24.99,6.998
14993,2015-41514,8/28/2015 0:00,9/4/2015 0:00,Standard,SB-120251,SP-T-3745,9,224.91,44.982,10.9964
14994,2015-41514,8/28/2015 0:00,9/4/2015 0:00,Standard,SB-120251,FW-H-3643,2,85.98,25.794,5.4392
14995,2015-41514,8/28/2015 0:00,9/4/2015 0:00,Standard,SB-120251,SP-K-2923,5,124.95,49.98,6.998
14996,2015-41514,8/28/2015 0:00,9/4/2015 0:00,Standard,SB-120251,AP-W-3017,3,32.97,9.891,3.3188
14997,2015-41514,8/28/2015 0:00,9/4/2015 0:00,Standard,SB-120251,FW-Y-3911,2,89.98,53.988,5.5992
15000,2015-41515,8/29/2015 0:00,9/2/2015 0:00,Standard,CC-121001,AP-W-3182,2,69.98,20.994,4.7992
15001,2015-41515,8/29/2015 0:00,9/2/2015 0:00,Standard,CC-121001,AP-M-5097,7,181.93,72.772,9.2772
15002,2015-41517,8/31/2015 0:00,9/5/2015 0:00,Standard,ER-105101,SP-S-6604,9,152.91,76.455,8.1164
15009,2015-41518,9/1/2015 0:00,9/8/2015 0:00,Standard,WR-129401,SP-T-3015,6,143.94,28.788,7.7576
15010,2015-41518,9/1/2015 0:00,9/8/2015 0:00,Standard,WR-129401,FW-Y-3916,2,89.98,53.988,5.5992
15011,2015-41518,9/1/2015 0:00,9/8/2015 0:00,Standard,WR-129401,FW-S-4413,1,13.99,6.995,2.5596
15012,2015-41518,9/1/2015 0:00,9/8/2015 0:00,Standard,WR-129401,SP-K-2906,5,124.95,49.98,6.998
15016,2015-41520,9/3/2015 0:00,9/8/2015 0:00,Standard,CS-106301,FW-S-4650,2,35.98,17.99,3.4392
15017,2015-41520,9/3/2015 0:00,9/8/2015 0:00,Standard,CS-106301,SP-K-2904,2,47.98,19.192,3.9192
15019,2015-41520,9/3/2015 0:00,9/9/2015 0:00,Standard,EB-131201,AP-M-4936,5,179.95,71.98,9.198
15020,2015-41520,9/3/2015 0:00,9/9/2015 0:00,Standard,EB-131201,SP-T-6088,3,149.97,29.994,7.9988
15021,2015-41520,9/3/2015 0:00,9/9/2015 0:00,Standard,EB-131201,AP-M-4945,2,51.98,20.792,4.0792
15030,2015-41521,9/4/2015 0:00,9/8/2015 0:00,Standard,SS-123551,AP-M-3373,5,59.95,23.98,4.398
15031,2015-41521,9/4/2015 0:00,9/8/2015 0:00,Standard,SS-123551,SP-S-3839,5,119.95,59.975,6.798
15032,2015-41521,9/4/2015 0:00,9/8/2015 0:00,Standard,SS-123551,SP-F-6129,2,39.98,11.994,3.5992
15033,2015-41521,9/4/2015 0:00,9/8/2015 0:00,Standard,SS-123551,SP-K-2852,2,47.98,19.192,3.9192
15034,2015-41521,9/4/2015 0:00,9/7/2015 0:00,2 Day,CS-131801,AP-M-4877,3,107.97,43.188,9.5579
15040,2015-41522,9/5/2015 0:00,9/11/2015 0:00,Standard,CA-120551,SP-S-4324,9,233.91,116.955,11.3564
15041,2015-41522,9/5/2015 0:00,9/11/2015 0:00,Standard,CA-120551,SP-K-2908,5,124.95,49.98,6.998
15042,2015-41522,9/5/2015 0:00,9/11/2015 0:00,Standard,CA-120551,SP-K-2909,3,74.97,29.988,4.9988
15046,2015-41523,9/6/2015 0:00,9/8/2015 0:00,2 Day,ET-104351,SP-K-2911,1,24.99,9.996,3.7493
15048,2015-41523,9/6/2015 0:00,9/12/2015 0:00,Standard,CT-113051,FW-Y-4236,3,98.97,59.382,5.9588
15049,2015-41523,9/6/2015 0:00,9/12/2015 0:00,Standard,CT-113051,SP-K-2911,2,49.98,19.992,3.9992
15050,2015-41523,9/6/2015 0:00,9/12/2015 0:00,Standard,SS-115901,AP-W-3514,2,69.98,20.994,4.7992
15051,2015-41523,9/6/2015 0:00,9/12/2015 0:00,Standard,SS-115901,SP-B-3445,1,27.99,6.9975,3.1196
15052,2015-41523,9/6/2015 0:00,9/13/2015 0:00,Standard,CC-124301,FW-S-4393,2,85.98,42.99,5.4392
15055,2015-41523,9/6/2015 0:00,9/9/2015 0:00,2 Day,SW-204551,FW-R-3427,1,74.99,29.996,7.2493
15061,2015-41524,9/7/2015 0:00,9/11/2015 0:00,Standard,CC-121451,FW-S-4619,2,35.98,17.99,3.4392
15062,2015-41524,9/7/2015 0:00,9/9/2015 0:00,2 Day,WC-126101,SP-B-3485,4,111.96,27.99,9.8372
15064,2015-41524,9/7/2015 0:00,9/14/2015 0:00,Standard,CR-170351,AP-W-3169,6,209.94,62.982,10.3976
15065,2015-41524,9/7/2015 0:00,9/14/2015 0:00,Standard,CR-170351,SP-K-2850,1,23.99,9.596,2.9596
15066,2015-41524,9/7/2015 0:00,9/14/2015 0:00,Standard,CR-170351,SP-K-2905,3,74.97,29.988,4.9988
15073,2015-41527,9/10/2015 0:00,9/15/2015 0:00,Standard,EB-101501,SP-S-4324,3,77.97,38.985,5.1188
15074,2015-41527,9/10/2015 0:00,9/14/2015 0:00,Standard,CR-103451,FW-S-3433,1,42.99,21.495,3.7196
15075,2015-41527,9/10/2015 0:00,9/17/2015 0:00,Standard,EO-114251,SP-B-4729,2,35.98,8.995,3.4392
15076,2015-41527,9/10/2015 0:00,9/14/2015 0:00,Standard,CC-121451,SP-S-4460,4,103.96,51.98,6.1584
15080,2015-41527,9/10/2015 0:00,9/16/2015 0:00,Standard,WA-142301,FW-Y-5174,6,53.94,32.364,4.1576
15095,2015-41529,9/12/2015 0:00,9/17/2015 0:00,2 Day,CC-126701,AP-M-5094,2,51.98,20.792,5.6386
15104,2015-41530,9/13/2015 0:00,9/17/2015 0:00,Standard,WM-107051,SP-K-2852,4,95.96,38.384,5.8384
15119,2015-41531,9/14/2015 0:00,9/19/2015 0:00,Standard,WA-122651,FW-R-3412,5,384.95,153.98,17.398
15121,2015-41531,9/14/2015 0:00,9/18/2015 0:00,Standard,SC-126851,SP-T-3058,6,143.94,28.788,7.7576
15122,2015-41531,9/14/2015 0:00,9/18/2015 0:00,Standard,SC-126851,AP-M-4876,2,71.98,28.792,4.8792
15123,2015-41531,9/14/2015 0:00,9/18/2015 0:00,Standard,SC-126851,SP-K-6098,9,143.91,57.564,7.7564
15125,2015-41532,9/15/2015 0:00,9/20/2015 0:00,Standard,CC-106151,SP-T-2920,2,47.98,9.596,3.9192
15126,2015-41532,9/15/2015 0:00,9/20/2015 0:00,Standard,CC-106151,SP-K-2908,4,99.96,39.984,5.9984
15130,2015-41532,9/15/2015 0:00,9/17/2015 0:00,2 Day,CT-119951,SP-B-4741,8,175.92,43.98,14.3144
15131,2015-41532,9/15/2015 0:00,9/17/2015 0:00,2 Day,CT-119951,SP-T-3059,2,49.98,9.996,5.4986
15136,2015-41532,9/15/2015 0:00,9/19/2015 0:00,Standard,WW-184001,FW-S-4420,7,83.93,41.965,5.3572
15137,2015-41532,9/15/2015 0:00,9/19/2015 0:00,Standard,WW-184001,FW-R-3561,2,149.98,59.992,7.9992
15138,2015-41532,9/15/2015 0:00,9/19/2015 0:00,Standard,WW-184001,AP-W-3123,3,32.97,9.891,3.3188
15140,2015-41534,9/17/2015 0:00,9/20/2015 0:00,First Class,ES-118451,SP-K-2904,3,71.97,28.788,5.5985
15163,2015-41535,9/18/2015 0:00,9/24/2015 0:00,Standard,CB-100601,SP-S-4115,2,51.98,25.99,4.0792
15168,2015-41535,9/18/2015 0:00,9/23/2015 0:00,2 Day,WR-162101,AP-M-4140,9,107.91,43.164,9.5537
15177,2015-41536,9/19/2015 0:00,9/23/2015 0:00,Standard,WC-142451,FW-Y-5165,3,26.97,16.182,3.0788
15178,2015-41536,9/19/2015 0:00,9/22/2015 0:00,2 Day,EW-146051,AP-W-3163,14,209.86,62.958,16.6902
15181,2015-41536,9/19/2015 0:00,9/22/2015 0:00,2 Day,WW-195401,SP-S-3842,2,47.98,23.99,5.3586
15184,2015-41537,9/20/2015 0:00,9/26/2015 0:00,Standard,WM-107051,SP-K-6098,11,175.89,70.356,9.0356
15190,2015-41538,9/21/2015 0:00,9/27/2015 0:00,Standard,WS-121301,SP-T-3058,6,143.94,28.788,7.7576
15240,2015-41542,9/25/2015 0:00,10/1/2015 0:00,Standard,WM-107051,SP-K-2848,2,47.98,19.192,3.9192
15242,2015-41542,9/25/2015 0:00,9/25/2015 0:00,Next Day,WS-119501,FW-S-4641,1,17.99,8.995,3.6191
15243,2015-41542,9/25/2015 0:00,9/25/2015 0:00,Next Day,WS-119501,SP-S-3839,3,71.97,35.985,8.4773
15244,2015-41542,9/25/2015 0:00,9/27/2015 0:00,First Class,SR-128801,AP-M-3748,9,107.91,43.164,7.3955
15261,2015-41543,9/26/2015 0:00,10/1/2015 0:00,Standard,ES-118001,SP-T-6079,3,59.97,11.994,4.3988
15262,2015-41543,9/26/2015 0:00,10/1/2015 0:00,Standard,ES-118001,SP-K-2909,2,49.98,19.992,3.9992
15267,2015-41543,9/26/2015 0:00,9/30/2015 0:00,Standard,WW-195401,SP-T-4891,4,143.96,28.792,7.7584
15268,2015-41543,9/26/2015 0:00,9/30/2015 0:00,Standard,WW-195401,AP-W-3183,5,174.95,52.485,8.998
15269,2015-41543,9/26/2015 0:00,9/30/2015 0:00,Standard,WW-195401,SP-T-2860,6,143.94,28.788,7.7576
15270,2015-41543,9/26/2015 0:00,9/30/2015 0:00,Standard,WW-195401,SP-K-2907,9,224.91,89.964,10.9964
15271,2015-41543,9/26/2015 0:00,9/30/2015 0:00,Standard,WW-195401,SP-K-2852,2,47.98,19.192,3.9192
15272,2015-41543,9/26/2015 0:00,9/30/2015 0:00,Standard,WW-195401,SP-S-3843,4,95.96,47.98,5.8384
15273,2015-41543,9/26/2015 0:00,9/30/2015 0:00,Standard,WW-195401,SP-B-2872,2,51.98,12.995,4.0792
15281,2015-41544,9/27/2015 0:00,9/30/2015 0:00,2 Day,CW-149351,SP-S-6604,4,67.96,33.98,6.7572
15282,2015-41544,9/27/2015 0:00,9/30/2015 0:00,2 Day,CW-149351,SP-B-5299,5,314.95,78.7375,24.0465
15310,2015-41549,10/2/2015 0:00,10/7/2015 0:00,2 Day,CS-124001,SP-T-3744,14,349.86,69.972,26.4902
15323,2015-41550,10/3/2015 0:00,10/8/2015 0:00,Standard,WS-117551,FW-H-3649,2,85.98,25.794,5.4392
15329,2015-41551,10/4/2015 0:00,10/7/2015 0:00,First Class,CA-103151,SP-T-5980,2,13.98,2.796,2.699
15340,2015-41555,10/8/2015 0:00,10/13/2015 0:00,Standard,ST-116801,SP-B-3485,2,55.98,13.995,4.2392
15378,2015-41562,10/15/2015 0:00,10/15/2015 0:00,Next Day,WA-147251,FW-Y-3916,2,89.98,53.988,10.0982
15391,2015-41566,10/19/2015 0:00,10/24/2015 0:00,2 Day,SS-118601,SP-K-2905,1,24.99,9.996,3.7493
15405,2015-41570,10/23/2015 0:00,10/28/2015 0:00,Standard,SC-126851,AP-M-5097,3,77.97,31.188,5.1188
15406,2015-41570,10/23/2015 0:00,10/28/2015 0:00,Standard,SC-126851,SP-S-3843,8,191.92,95.96,9.6768
15407,2015-41570,10/23/2015 0:00,10/28/2015 0:00,Standard,SC-126851,SP-K-2850,1,23.99,9.596,2.9596
15446,2015-41577,10/30/2015 0:00,11/2/2015 0:00,2 Day,WA-142301,AP-M-4875,1,35.99,14.396,4.5193
15447,2015-41577,10/30/2015 0:00,11/2/2015 0:00,2 Day,WA-142301,AP-Y-5083,2,49.98,24.99,5.4986
15448,2015-41577,10/30/2015 0:00,11/2/2015 0:00,2 Day,WA-142301,AP-W-3812,5,124.95,37.485,10.7465
15449,2015-41577,10/30/2015 0:00,11/2/2015 0:00,2 Day,WA-142301,FW-Y-3914,4,179.96,107.976,14.5972
15468,2015-41579,11/1/2015 0:00,11/4/2015 0:00,First Class,WA-147251,SP-B-4729,1,17.99,4.4975,2.8995
15480,2015-41580,11/2/2015 0:00,11/7/2015 0:00,Standard,EB-109901,AP-W-2879,2,21.98,6.594,2.8792
15481,2015-41580,11/2/2015 0:00,11/7/2015 0:00,Standard,EB-109901,SP-K-2850,7,167.93,67.172,8.7172
15490,2015-41580,11/2/2015 0:00,11/7/2015 0:00,Standard,EW-202451,FW-S-4394,2,85.98,42.99,5.4392
15491,2015-41581,11/3/2015 0:00,11/10/2015 0:00,Standard,CS-122501,SP-K-2850,2,47.98,19.192,3.9192
15496,2015-41583,11/5/2015 0:00,11/8/2015 0:00,First Class,CB-124151,SP-F-6129,4,79.96,23.988,5.998
15497,2015-41583,11/5/2015 0:00,11/8/2015 0:00,First Class,CB-124151,SP-K-2849,3,71.97,28.788,5.5985
15506,2015-41585,11/7/2015 0:00,11/12/2015 0:00,Standard,CB-101051,AP-Y-3700,3,26.97,13.485,3.0788
15507,2015-41585,11/7/2015 0:00,11/12/2015 0:00,Standard,CB-101051,SP-T-2922,2,47.98,9.596,3.9192
15508,2015-41585,11/7/2015 0:00,11/12/2015 0:00,Standard,CB-101051,SP-T-2922,2,47.98,9.596,3.9192
15509,2015-41585,11/7/2015 0:00,11/12/2015 0:00,Standard,CB-101051,FW-Y-5416,5,44.95,26.97,3.798
15510,2015-41585,11/7/2015 0:00,11/12/2015 0:00,Standard,CB-101051,SP-B-4741,3,65.97,16.4925,4.6388
15511,2015-41585,11/7/2015 0:00,11/12/2015 0:00,Standard,CB-101051,SP-K-2908,10,249.9,99.96,11.996
15520,2015-41586,11/8/2015 0:00,11/13/2015 0:00,Standard,SC-104501,SP-K-6098,11,175.89,70.356,9.0356
15521,2015-41586,11/8/2015 0:00,11/13/2015 0:00,Standard,SC-104501,SP-S-4460,3,77.97,38.985,5.1188
15546,2015-41586,11/8/2015 0:00,11/12/2015 0:00,Standard,SW-204551,AP-M-5098,2,51.98,20.792,4.0792
15547,2015-41587,11/9/2015 0:00,11/13/2015 0:00,Standard,ER-100901,FW-R-3427,7,524.93,209.972,22.9972
15548,2015-41587,11/9/2015 0:00,11/13/2015 0:00,Standard,ER-100901,SP-K-2848,3,71.97,28.788,4.8788
15549,2015-41587,11/9/2015 0:00,11/13/2015 0:00,Standard,ER-100901,SP-K-2880,3,71.97,28.788,4.8788
15550,2015-41587,11/9/2015 0:00,11/13/2015 0:00,Standard,ER-100901,SP-S-6604,3,50.97,25.485,4.0388
15581,2015-41591,11/13/2015 0:00,11/17/2015 0:00,Standard,WA-103751,SP-T-4891,6,215.94,43.188,10.6376
15582,2015-41591,11/13/2015 0:00,11/17/2015 0:00,Standard,WW-109301,AP-W-3809,5,124.95,37.485,6.998
15583,2015-41591,11/13/2015 0:00,11/17/2015 0:00,Standard,WW-109301,FW-Y-3917,7,314.93,188.958,14.5972
15635,2015-41595,11/17/2015 0:00,11/24/2015 0:00,Standard,EA-106451,FW-S-4672,5,79.95,39.975,5.198
15636,2015-41595,11/17/2015 0:00,11/24/2015 0:00,Standard,EA-106451,SP-T-5980,4,27.96,5.592,3.1184
15637,2015-41595,11/17/2015 0:00,11/24/2015 0:00,Standard,EA-106451,SP-F-3051,3,83.97,25.191,5.3588
15638,2015-41595,11/17/2015 0:00,11/21/2015 0:00,Standard,WS-116651,AP-W-3164,4,59.96,17.988,4.3984
15639,2015-41595,11/17/2015 0:00,11/21/2015 0:00,Standard,WS-116651,FW-S-4623,2,35.98,17.99,3.4392
15640,2015-41595,11/17/2015 0:00,11/21/2015 0:00,Standard,WS-116651,SP-T-3015,7,167.93,33.586,8.7172
15641,2015-41595,11/17/2015 0:00,11/21/2015 0:00,Standard,WS-116651,SP-T-2860,5,119.95,23.99,6.798
15642,2015-41595,11/17/2015 0:00,11/21/2015 0:00,Standard,WS-116651,FW-Y-3913,4,179.96,107.976,9.1984
15643,2015-41595,11/17/2015 0:00,11/21/2015 0:00,Standard,WS-116651,FW-Y-2864,3,107.97,64.782,6.3188
15644,2015-41595,11/17/2015 0:00,11/21/2015 0:00,Standard,WS-116651,SP-S-6604,5,84.95,42.475,5.398
15653,2015-41598,11/20/2015 0:00,11/21/2015 0:00,First Class,CS-122501,SP-K-2880,4,95.96,38.384,6.798
15654,2015-41598,11/20/2015 0:00,11/21/2015 0:00,First Class,CS-122501,SP-F-3204,4,123.96,37.188,8.198
15662,2015-41598,11/20/2015 0:00,11/24/2015 0:00,Standard,CW-165701,FW-Y-2867,3,107.97,64.782,6.3188
15675,2015-41599,11/21/2015 0:00,11/27/2015 0:00,Standard,CB-115451,SP-B-4741,3,65.97,16.4925,4.6388
15676,2015-41599,11/21/2015 0:00,11/27/2015 0:00,Standard,CB-115451,SP-K-2904,5,119.95,47.98,6.798
15677,2015-41599,11/21/2015 0:00,11/27/2015 0:00,Standard,CB-115451,SP-B-4099,2,41.98,10.495,3.6792
15678,2015-41599,11/21/2015 0:00,11/27/2015 0:00,Standard,CB-115451,SP-K-6098,2,31.98,12.792,3.2792
15679,2015-41599,11/21/2015 0:00,11/26/2015 0:00,2 Day,EA-119651,AP-M-4873,1,15.99,6.396,3.1193
15680,2015-41599,11/21/2015 0:00,11/26/2015 0:00,2 Day,EA-119651,FW-H-3177,2,91.98,27.594,8.4386
15681,2015-41599,11/21/2015 0:00,11/26/2015 0:00,2 Day,EA-119651,SP-F-3040,2,55.98,16.794,5.9186
15692,2015-41599,11/21/2015 0:00,11/25/2015 0:00,Standard,WW-184001,FW-H-3643,2,85.98,25.794,5.4392
15693,2015-41599,11/21/2015 0:00,11/25/2015 0:00,Standard,WW-184001,SP-K-2911,4,99.96,39.984,5.9984
15696,2015-41600,11/22/2015 0:00,11/26/2015 0:00,Standard,ER-105401,SP-S-4115,3,77.97,38.985,5.1188
15697,2015-41600,11/22/2015 0:00,11/26/2015 0:00,Standard,SP-107201,AP-M-4872,4,63.96,25.584,4.5584
15710,2015-41601,11/23/2015 0:00,11/27/2015 0:00,2 Day,CT-107351,SP-B-5298,8,263.92,65.98,20.4744
15711,2015-41601,11/23/2015 0:00,11/27/2015 0:00,2 Day,CT-107351,SP-B-4729,3,53.97,13.4925,5.7779
15712,2015-41601,11/23/2015 0:00,11/25/2015 0:00,2 Day,EW-192401,AP-W-3782,2,49.98,14.994,5.4986
15713,2015-41601,11/23/2015 0:00,11/25/2015 0:00,2 Day,EW-192401,SP-S-6604,6,101.94,50.97,9.1358
15714,2015-41601,11/23/2015 0:00,11/25/2015 0:00,2 Day,EW-192401,SP-F-6129,6,119.94,35.982,10.3958
15715,2015-41601,11/23/2015 0:00,11/25/2015 0:00,2 Day,EW-192401,SP-F-3052,2,55.98,16.794,5.9186
15716,2015-41601,11/23/2015 0:00,11/25/2015 0:00,2 Day,EW-192401,SP-B-5295,4,35.96,8.99,4.5172
15731,2015-41604,11/26/2015 0:00,12/1/2015 0:00,Standard,EA-140351,AP-M-5097,1,25.99,10.396,3.0396
15738,2015-41605,11/27/2015 0:00,12/2/2015 0:00,Standard,WO-134351,FW-R-3412,3,230.97,92.388,11.2388
15739,2015-41605,11/27/2015 0:00,12/2/2015 0:00,Standard,WO-134351,AP-M-4142,3,35.97,14.388,3.4388
15755,2015-41606,11/28/2015 0:00,12/4/2015 0:00,Standard,SR-128801,AP-W-3164,6,89.94,26.982,5.5976
15756,2015-41606,11/28/2015 0:00,12/4/2015 0:00,Standard,SR-128801,SP-T-3361,2,49.98,9.996,3.9992
15757,2015-41606,11/28/2015 0:00,12/4/2015 0:00,Standard,SR-128801,SP-T-6079,5,99.95,19.99,5.998
15758,2015-41606,11/28/2015 0:00,12/4/2015 0:00,Standard,SR-128801,FW-Y-3911,9,404.91,242.946,18.1964
15767,2015-41607,11/29/2015 0:00,11/30/2015 0:00,First Class,WW-108401,AP-M-4945,3,77.97,31.188,5.8985
15768,2015-41607,11/29/2015 0:00,11/30/2015 0:00,First Class,WW-108401,SP-K-2923,4,99.96,39.984,6.998
15769,2015-41607,11/29/2015 0:00,12/4/2015 0:00,Standard,ET-113951,FW-S-4412,9,125.91,62.955,7.0364
15770,2015-41607,11/29/2015 0:00,12/4/2015 0:00,Standard,ET-113951,SP-F-3054,4,115.96,34.788,6.6384
15777,2015-41608,11/30/2015 0:00,12/3/2015 0:00,First Class,WB-106001,FW-Y-2871,2,71.98,43.188,5.599
15778,2015-41608,11/30/2015 0:00,12/3/2015 0:00,2 Day,CB-132701,SP-K-2869,3,71.97,28.788,7.0379
15783,2015-41608,11/30/2015 0:00,12/3/2015 0:00,First Class,WR-169151,FW-Y-4236,2,65.98,39.588,5.299
15784,2015-41608,11/30/2015 0:00,12/3/2015 0:00,First Class,WR-169151,SP-B-2863,3,77.97,19.4925,5.8985
15785,2015-41608,11/30/2015 0:00,12/3/2015 0:00,First Class,WR-169151,SP-K-2850,7,167.93,67.172,10.3965
15792,2015-41609,12/1/2015 0:00,12/6/2015 0:00,Standard,CT-113051,SP-B-5296,5,84.95,21.2375,5.398
15806,2015-41611,12/3/2015 0:00,12/8/2015 0:00,Standard,SB-102551,AP-M-4942,2,51.98,20.792,4.0792
15807,2015-41611,12/3/2015 0:00,12/8/2015 0:00,Standard,SB-102551,SP-S-3839,2,47.98,23.99,3.9192
15808,2015-41611,12/3/2015 0:00,12/7/2015 0:00,Standard,CS-113801,SP-K-2908,6,149.94,59.976,7.9976
15817,2015-41611,12/3/2015 0:00,12/7/2015 0:00,Standard,EW-192401,FW-H-3621,3,137.97,41.391,7.5188
15840,2015-41613,12/5/2015 0:00,12/8/2015 0:00,First Class,CR-195251,FW-S-4421,2,23.98,11.99,3.199
15842,2015-41613,12/5/2015 0:00,12/9/2015 0:00,2 Day,EW-202451,AP-M-3373,2,23.98,9.592,3.6786
15843,2015-41613,12/5/2015 0:00,12/9/2015 0:00,2 Day,EW-202451,SP-K-2908,6,149.94,59.976,12.4958
15847,2015-41614,12/6/2015 0:00,12/11/2015 0:00,2 Day,EB-131201,SP-S-4302,2,51.98,25.99,5.6386
15860,2015-41614,12/6/2015 0:00,12/12/2015 0:00,Standard,CW-164351,SP-K-2911,7,174.93,69.972,8.9972
15886,2015-41618,12/10/2015 0:00,12/15/2015 0:00,Standard,WC-142451,SP-B-3486,2,55.98,13.995,4.2392
15887,2015-41618,12/10/2015 0:00,12/15/2015 0:00,Standard,SW-160751,SP-B-2872,7,181.93,45.4825,9.2772
15906,2015-41619,12/11/2015 0:00,12/14/2015 0:00,First Class,EA-127751,AP-M-4942,11,285.89,114.356,16.2945
15907,2015-41619,12/11/2015 0:00,12/14/2015 0:00,First Class,EA-127751,AP-W-3509,1,34.99,10.497,3.7495
15908,2015-41619,12/11/2015 0:00,12/14/2015 0:00,First Class,EA-127751,SP-K-2904,2,47.98,19.192,4.399
15921,2015-41619,12/11/2015 0:00,12/12/2015 0:00,First Class,SW-204551,SP-F-3200,2,61.98,18.594,5.099
15948,2015-41622,12/14/2015 0:00,12/16/2015 0:00,2 Day,WB-129701,FW-R-3423,2,153.98,61.592,12.7786
15949,2015-41622,12/14/2015 0:00,12/16/2015 0:00,2 Day,WB-129701,SP-K-2906,2,49.98,19.992,5.4986
15950,2015-41622,12/14/2015 0:00,12/16/2015 0:00,2 Day,WB-129701,SP-K-2906,3,74.97,29.988,7.2479
15951,2015-41622,12/14/2015 0:00,12/16/2015 0:00,2 Day,WB-129701,SP-S-6604,1,16.99,8.495,3.1893
15967,2015-41623,12/15/2015 0:00,12/20/2015 0:00,Standard,CR-195251,AP-W-3804,3,74.97,22.491,4.9988
15984,2015-41626,12/18/2015 0:00,12/18/2015 0:00,Next Day,WW-182201,AP-M-4870,1,15.99,6.396,3.4391
15995,2015-41627,12/19/2015 0:00,12/23/2015 0:00,2 Day,WR-188801,AP-W-3509,3,104.97,31.491,9.3479
16003,2015-41628,12/20/2015 0:00,12/24/2015 0:00,Standard,WS-121301,SP-T-3361,4,99.96,19.992,5.9984
16014,2015-41629,12/21/2015 0:00,12/25/2015 0:00,Standard,WR-138551,SP-B-2872,7,181.93,45.4825,9.2772
16024,2015-41630,12/22/2015 0:00,12/27/2015 0:00,Standard,CT-113051,SP-B-5295,4,35.96,8.99,3.4384
16025,2015-41630,12/22/2015 0:00,12/23/2015 0:00,First Class,WR-148301,FW-S-4417,7,83.93,41.965,6.1965
16026,2015-41630,12/22/2015 0:00,12/23/2015 0:00,First Class,WR-148301,SP-T-5980,2,13.98,2.796,2.699
16028,2015-41632,12/24/2015 0:00,12/26/2015 0:00,First Class,EB-131201,SP-S-3839,7,167.93,83.965,10.3965
16029,2015-41632,12/24/2015 0:00,12/26/2015 0:00,First Class,EB-131201,SP-F-3076,7,202.93,60.879,12.1465
16030,2015-41632,12/24/2015 0:00,12/26/2015 0:00,First Class,EB-131201,SP-S-3842,2,47.98,23.99,4.399
16031,2015-41632,12/24/2015 0:00,12/28/2015 0:00,Standard,WR-148301,FW-S-5090,4,63.96,31.98,4.5584
16034,2015-41632,12/24/2015 0:00,12/28/2015 0:00,Standard,WR-156701,AP-Y-6351,7,118.93,59.465,6.7572
16035,2015-41632,12/24/2015 0:00,12/28/2015 0:00,Standard,WR-156701,SP-B-3485,3,83.97,20.9925,5.3588
16071,2015-41635,12/27/2015 0:00,12/31/2015 0:00,Standard,ET-114851,SP-B-4729,2,35.98,8.995,3.4392
16072,2015-41635,12/27/2015 0:00,12/31/2015 0:00,Standard,ET-114851,SP-S-4302,5,129.95,64.975,7.198
16073,2015-41635,12/27/2015 0:00,1/1/2016 0:00,Standard,WR-129401,SP-T-5980,3,20.97,4.194,2.8388
16074,2015-41635,12/27/2015 0:00,12/31/2015 0:00,Standard,EB-131201,FW-R-3412,9,692.91,277.164,29.7164
16075,2015-41635,12/27/2015 0:00,12/31/2015 0:00,Standard,EB-131201,SP-F-3064,3,86.97,26.091,5.4788
16110,2016-41642,1/3/2016 0:00,1/8/2016 0:00,Standard,EO-113501,FW-R-3423,7,538.93,215.572,23.5572
16111,2016-41642,1/3/2016 0:00,1/8/2016 0:00,Standard,EO-113501,SP-K-6098,2,31.98,12.792,3.2792
16112,2016-41642,1/3/2016 0:00,1/8/2016 0:00,Standard,CA-123101,AP-W-3163,5,74.95,22.485,4.998
16113,2016-41642,1/3/2016 0:00,1/8/2016 0:00,Standard,CA-123101,AP-M-4948,3,77.97,31.188,5.1188
16114,2016-41642,1/3/2016 0:00,1/8/2016 0:00,Standard,CA-123101,AP-M-4876,2,71.98,28.792,4.8792
16115,2016-41642,1/3/2016 0:00,1/5/2016 0:00,First Class,WR-169151,SP-T-4891,2,71.98,14.396,5.599
16116,2016-41643,1/4/2016 0:00,1/8/2016 0:00,Standard,CP-111851,SP-K-2909,6,149.94,59.976,7.9976
16117,2016-41643,1/4/2016 0:00,1/8/2016 0:00,Standard,CP-111851,SP-B-4729,1,17.99,4.4975,2.7196
16122,2016-41646,1/7/2016 0:00,1/12/2016 0:00,Standard,WW-134801,SP-B-5294,1,2.99,0.7475,2.1196
16152,2016-41656,1/17/2016 0:00,1/21/2016 0:00,Standard,CC-124301,AP-M-3125,3,35.97,14.388,3.4388
16153,2016-41656,1/17/2016 0:00,1/21/2016 0:00,Standard,CC-124301,FW-Y-5165,3,26.97,16.182,3.0788
16154,2016-41656,1/17/2016 0:00,1/21/2016 0:00,Standard,CC-124301,AP-M-5094,1,25.99,10.396,3.0396
16159,2016-41661,1/22/2016 0:00,1/27/2016 0:00,Standard,ET-115301,AP-W-2879,4,43.96,13.188,3.7584
16160,2016-41661,1/22/2016 0:00,1/27/2016 0:00,Standard,ET-115301,AP-M-4945,3,77.97,31.188,5.1188
16169,2016-41662,1/23/2016 0:00,1/29/2016 0:00,Standard,CB-124151,FW-Y-3916,7,314.93,188.958,14.5972
16170,2016-41662,1/23/2016 0:00,1/27/2016 0:00,Standard,SB-125351,SP-T-3360,13,324.87,64.974,14.9948
16171,2016-41662,1/23/2016 0:00,1/27/2016 0:00,Standard,SB-125351,SP-B-2873,6,155.94,38.985,8.2376
16172,2016-41662,1/23/2016 0:00,1/27/2016 0:00,Standard,SB-125351,AP-M-4875,2,71.98,28.792,4.8792
16191,2016-41670,1/31/2016 0:00,2/2/2016 0:00,2 Day,EB-101501,SP-S-6604,3,50.97,25.485,5.5679
16199,2016-41672,2/2/2016 0:00,2/7/2016 0:00,Standard,CB-101051,SP-T-3360,2,49.98,9.996,3.9992
16225,2016-41677,2/7/2016 0:00,2/7/2016 0:00,Next Day,WA-122651,AP-M-5097,4,103.96,41.584,11.3564
16226,2016-41677,2/7/2016 0:00,2/7/2016 0:00,Next Day,WA-122651,SP-F-2890,3,83.97,25.191,9.5573
16230,2016-41679,2/9/2016 0:00,2/13/2016 0:00,Standard,WR-162101,AP-M-5094,3,77.97,31.188,5.1188
16231,2016-41679,2/9/2016 0:00,2/13/2016 0:00,Standard,WR-162101,AP-M-4940,2,51.98,20.792,4.0792
16243,2016-41686,2/16/2016 0:00,2/20/2016 0:00,Standard,EA-140351,SP-B-3974,6,125.94,31.485,7.0376
16244,2016-41686,2/16/2016 0:00,2/20/2016 0:00,Standard,EA-140351,FW-S-4407,3,41.97,20.985,3.6788
16245,2016-41686,2/16/2016 0:00,2/20/2016 0:00,Standard,EA-140351,SP-S-6604,1,16.99,8.495,2.6796
16246,2016-41686,2/16/2016 0:00,2/20/2016 0:00,Standard,EA-140351,SP-F-3052,4,111.96,33.588,6.4784
16247,2016-41686,2/16/2016 0:00,2/23/2016 0:00,Standard,EW-146051,FW-Y-3913,4,179.96,107.976,9.1984
16248,2016-41686,2/16/2016 0:00,2/23/2016 0:00,Standard,EW-146051,SP-K-6098,1,15.99,6.396,2.6396
16258,2016-41691,2/21/2016 0:00,2/26/2016 0:00,Standard,WV-112451,SP-T-4891,3,107.97,21.594,6.3188
16259,2016-41691,2/21/2016 0:00,2/26/2016 0:00,Standard,WV-112451,FW-Y-2871,5,179.95,107.97,9.198
16260,2016-41691,2/21/2016 0:00,2/26/2016 0:00,Standard,WV-112451,AP-W-3121,2,21.98,6.594,2.8792
16261,2016-41691,2/21/2016 0:00,2/22/2016 0:00,First Class,EA-140351,FW-Y-4233,7,230.93,138.558,13.5465
16273,2016-41693,2/23/2016 0:00,2/27/2016 0:00,Standard,CC-104201,SP-K-2907,3,74.97,29.988,4.9988
16276,2016-41697,2/27/2016 0:00,3/3/2016 0:00,Standard,EW-135401,FW-Y-3914,2,89.98,53.988,5.5992
16278,2016-41698,2/28/2016 0:00,3/7/2016 0:00,Standard,CR-195251,SP-F-3076,6,173.94,52.182,8.9576
16285,2016-41702,3/4/2016 0:00,3/9/2016 0:00,Standard,CA-103151,SP-S-3842,3,71.97,35.985,4.8788
16286,2016-41702,3/4/2016 0:00,3/9/2016 0:00,Standard,CA-103151,AP-W-3161,3,44.97,13.491,3.7988
16287,2016-41702,3/4/2016 0:00,3/9/2016 0:00,Standard,CA-103151,AP-M-4938,7,251.93,100.772,12.0772
16288,2016-41702,3/4/2016 0:00,3/9/2016 0:00,Standard,CA-103151,SP-F-2890,1,27.99,8.397,3.1196
16292,2016-41702,3/4/2016 0:00,3/9/2016 0:00,Standard,EC-122201,FW-R-3427,3,224.97,89.988,10.9988
16293,2016-41702,3/4/2016 0:00,3/9/2016 0:00,Standard,EC-122201,AP-Y-3700,3,26.97,13.485,3.0788
16294,2016-41702,3/4/2016 0:00,3/9/2016 0:00,Standard,EC-122201,SP-K-6098,3,47.97,19.188,3.9188
16295,2016-41702,3/4/2016 0:00,3/9/2016 0:00,2 Day,CC-126701,AP-W-3121,3,32.97,9.891,4.3079
16304,2016-41704,3/6/2016 0:00,3/12/2016 0:00,Standard,CW-196301,SP-K-2911,3,74.97,29.988,4.9988
16305,2016-41704,3/6/2016 0:00,3/12/2016 0:00,Standard,CW-196301,SP-T-2922,1,23.99,4.798,2.9596
16339,2016-41710,3/12/2016 0:00,3/12/2016 0:00,Next Day,ET-114851,FW-Y-2871,4,143.96,86.376,14.9564
16351,2016-41711,3/13/2016 0:00,3/17/2016 0:00,Standard,EW-202451,SP-S-3507,2,47.98,23.99,3.9192
16352,2016-41712,3/14/2016 0:00,3/19/2016 0:00,Standard,CB-100601,SP-B-4010,2,41.98,10.495,3.6792
16353,2016-41712,3/14/2016 0:00,3/19/2016 0:00,Standard,CB-100601,FW-Y-4233,2,65.98,39.588,4.6392
16354,2016-41712,3/14/2016 0:00,3/19/2016 0:00,Standard,CB-100601,SP-K-2905,4,99.96,39.984,5.9984
16355,2016-41712,3/14/2016 0:00,3/19/2016 0:00,Standard,WB-133601,SP-K-2923,7,174.93,69.972,8.9972
16379,2016-41714,3/16/2016 0:00,3/17/2016 0:00,First Class,CC-143351,FW-S-4396,4,163.96,81.98,10.198
16380,2016-41714,3/16/2016 0:00,3/17/2016 0:00,First Class,CC-143351,SP-K-2848,2,47.98,19.192,4.399
16386,2016-41716,3/18/2016 0:00,3/20/2016 0:00,2 Day,WC-106601,AP-W-2878,2,21.98,6.594,3.5386
16387,2016-41716,3/18/2016 0:00,3/24/2016 0:00,Standard,SS-123551,SP-B-5299,2,125.98,31.495,7.0392
16393,2016-41717,3/19/2016 0:00,3/21/2016 0:00,2 Day,WB-130601,SP-B-4729,3,53.97,13.4925,5.7779
16395,2016-41718,3/20/2016 0:00,3/22/2016 0:00,2 Day,ET-114401,AP-Y-6350,1,16.99,8.495,3.1893
16396,2016-41718,3/20/2016 0:00,3/25/2016 0:00,Standard,WC-126101,SP-K-2907,3,74.97,29.988,4.9988
16413,2016-41723,3/25/2016 0:00,3/27/2016 0:00,2 Day,EC-128501,FW-H-3643,3,128.97,38.691,11.0279
16414,2016-41723,3/25/2016 0:00,3/27/2016 0:00,2 Day,EC-128501,SP-B-4741,2,43.98,10.995,5.0786
16415,2016-41723,3/25/2016 0:00,3/29/2016 0:00,Standard,SR-128801,AP-W-3509,4,139.96,41.988,7.5984
16419,2016-41725,3/27/2016 0:00,3/28/2016 0:00,First Class,EB-132101,AP-M-3748,3,35.97,14.388,3.7985
16420,2016-41725,3/27/2016 0:00,3/28/2016 0:00,First Class,EB-132101,SP-T-6088,5,249.95,49.99,14.4975
16424,2016-41726,3/28/2016 0:00,4/1/2016 0:00,Standard,CS-131801,FW-Y-3914,4,179.96,107.976,9.1984
16425,2016-41726,3/28/2016 0:00,4/1/2016 0:00,Standard,CS-131801,SP-K-2908,2,49.98,19.992,3.9992
16426,2016-41726,3/28/2016 0:00,4/1/2016 0:00,Standard,CS-131801,FW-Y-3915,1,44.99,26.994,3.7996
16427,2016-41727,3/29/2016 0:00,4/1/2016 0:00,First Class,SR-213251,SP-T-3015,2,47.98,9.596,4.399
16428,2016-41727,3/29/2016 0:00,4/1/2016 0:00,2 Day,EC-122201,SP-T-4891,4,143.96,28.792,12.0772
16429,2016-41727,3/29/2016 0:00,4/1/2016 0:00,2 Day,EC-122201,SP-S-6604,1,16.99,8.495,3.1893
16440,2016-41730,4/1/2016 0:00,4/3/2016 0:00,2 Day,WS-119501,AP-W-3163,3,44.97,13.491,5.1479
16441,2016-41730,4/1/2016 0:00,4/3/2016 0:00,2 Day,WS-119501,AP-M-3124,2,23.98,9.592,3.6786
16443,2016-41731,4/2/2016 0:00,4/9/2016 0:00,Standard,EB-109901,SP-F-3080,5,144.95,43.485,7.798
16444,2016-41731,4/2/2016 0:00,4/9/2016 0:00,Standard,EB-109901,SP-B-2886,2,51.98,12.995,4.0792
16445,2016-41731,4/2/2016 0:00,4/6/2016 0:00,2 Day,SB-129101,FW-Y-5170,4,35.96,21.576,4.5172
16446,2016-41731,4/2/2016 0:00,4/7/2016 0:00,Standard,EW-135401,SP-B-3446,4,111.96,27.99,6.4784
16461,2016-41733,4/4/2016 0:00,4/8/2016 0:00,Standard,WS-119501,SP-K-2850,9,215.91,86.364,10.6364
16462,2016-41733,4/4/2016 0:00,4/4/2016 0:00,Next Day,CR-207401,SP-S-4460,3,77.97,38.985,9.0173
16465,2016-41734,4/5/2016 0:00,4/9/2016 0:00,2 Day,WC-111251,AP-M-4799,3,47.97,19.188,5.3579
16466,2016-41734,4/5/2016 0:00,4/9/2016 0:00,2 Day,WC-111251,FW-Y-3915,2,89.98,53.988,8.2986
16467,2016-41734,4/5/2016 0:00,4/9/2016 0:00,2 Day,WC-111251,SP-T-5980,2,13.98,2.796,2.9786
16475,2016-41737,4/8/2016 0:00,4/13/2016 0:00,Standard,ER-102401,SP-T-3078,3,74.97,14.994,4.9988
16476,2016-41737,4/8/2016 0:00,4/13/2016 0:00,Standard,ER-102401,SP-B-2857,3,77.97,19.4925,5.1188
16478,2016-41737,4/8/2016 0:00,4/10/2016 0:00,First Class,WR-101407,SP-S-4390,2,51.98,25.99,4.599
16501,2016-41739,4/10/2016 0:00,4/15/2016 0:00,2 Day,SW-203501,AP-W-3795,2,49.98,14.994,5.4986
16502,2016-41739,4/10/2016 0:00,4/15/2016 0:00,2 Day,SW-203501,SP-K-6098,2,31.98,12.792,4.2386
16503,2016-41740,4/11/2016 0:00,4/18/2016 0:00,Standard,ST-116801,SP-T-3018,3,71.97,14.394,4.8788
16504,2016-41740,4/11/2016 0:00,4/18/2016 0:00,Standard,ST-116801,SP-T-4891,9,323.91,64.782,14.9564
16505,2016-41740,4/11/2016 0:00,4/18/2016 0:00,Standard,ST-116801,SP-B-2872,3,77.97,19.4925,5.1188
16506,2016-41740,4/11/2016 0:00,4/18/2016 0:00,Standard,ST-116801,SP-K-2911,4,99.96,39.984,5.9984
16509,2016-41740,4/11/2016 0:00,4/13/2016 0:00,First Class,WR-162101,SP-K-6098,2,31.98,12.792,3.599
16511,2016-41742,4/13/2016 0:00,4/17/2016 0:00,Standard,SP-112901,FW-S-4641,7,125.93,62.965,7.0372
16512,2016-41742,4/13/2016 0:00,4/17/2016 0:00,Standard,SP-112901,SP-K-2869,1,23.99,9.596,2.9596
16536,2016-41746,4/17/2016 0:00,4/24/2016 0:00,Standard,WP-109151,SP-B-5294,3,8.97,2.2425,2.3588
16537,2016-41746,4/17/2016 0:00,4/21/2016 0:00,Standard,CS-113651,AP-Y-2865,7,62.93,31.465,4.5172
16538,2016-41746,4/17/2016 0:00,4/21/2016 0:00,Standard,CS-113651,FW-Y-5172,2,17.98,10.788,2.7192
16539,2016-41746,4/17/2016 0:00,4/21/2016 0:00,Standard,CS-113651,SP-K-6098,5,79.95,31.98,5.198
16545,2016-41747,4/18/2016 0:00,4/23/2016 0:00,Standard,CS-121751,FW-Y-5174,5,44.95,26.97,3.798
16547,2016-41747,4/18/2016 0:00,4/22/2016 0:00,Standard,SW-203501,SP-F-3054,5,144.95,43.485,7.798
16548,2016-41748,4/19/2016 0:00,4/24/2016 0:00,Standard,ES-124901,SP-F-6129,1,19.99,5.997,2.7996
16549,2016-41748,4/19/2016 0:00,4/24/2016 0:00,Standard,ES-124901,SP-B-2874,3,77.97,19.4925,5.1188
16550,2016-41748,4/19/2016 0:00,4/24/2016 0:00,Standard,CR-125801,SP-T-4891,3,107.97,21.594,6.3188
16551,2016-41748,4/19/2016 0:00,4/24/2016 0:00,Standard,CR-125801,SP-F-6129,2,39.98,11.994,3.5992
16572,2016-41751,4/22/2016 0:00,4/22/2016 0:00,Next Day,ST-116801,SP-S-6604,8,135.92,67.96,14.2328
16573,2016-41751,4/22/2016 0:00,4/22/2016 0:00,Next Day,ST-116801,SP-B-3446,3,83.97,20.9925,9.5573
16596,2016-41754,4/25/2016 0:00,4/28/2016 0:00,2 Day,CA-120551,AP-M-3407,3,35.97,14.388,4.5179
16604,2016-41756,4/27/2016 0:00,5/2/2016 0:00,Standard,WB-133601,FW-S-4669,3,47.97,23.985,3.9188
16605,2016-41758,4/29/2016 0:00,5/6/2016 0:00,Standard,EO-113501,FW-S-4409,2,27.98,13.99,3.1192
16619,2016-41762,5/3/2016 0:00,5/7/2016 0:00,Standard,ER-100901,SP-T-3078,3,74.97,14.994,4.9988
16620,2016-41762,5/3/2016 0:00,5/7/2016 0:00,Standard,ER-100901,SP-T-6079,3,59.97,11.994,4.3988
16621,2016-41762,5/3/2016 0:00,5/7/2016 0:00,Standard,ER-100901,SP-F-3081,2,57.98,17.394,4.3192
16623,2016-41762,5/3/2016 0:00,5/3/2016 0:00,Next Day,EC-124751,SP-T-6088,3,149.97,29.994,15.4973
16624,2016-41762,5/3/2016 0:00,5/3/2016 0:00,Next Day,EC-124751,SP-K-2906,3,74.97,29.988,8.7473
16630,2016-41762,5/3/2016 0:00,5/7/2016 0:00,Standard,ER-185501,FW-S-4641,4,71.96,35.98,4.8784
16631,2016-41763,5/4/2016 0:00,5/9/2016 0:00,Standard,CB-124151,SP-B-4741,7,153.93,38.4825,8.1572
16632,2016-41763,5/4/2016 0:00,5/9/2016 0:00,Standard,CB-124151,SP-K-2869,1,23.99,9.596,2.9596
16633,2016-41763,5/4/2016 0:00,5/9/2016 0:00,Standard,CB-124151,SP-B-2872,3,77.97,19.4925,5.1188
16645,2016-41765,5/6/2016 0:00,5/7/2016 0:00,First Class,SW-169901,FW-R-3333,6,461.94,184.776,25.097
16646,2016-41765,5/6/2016 0:00,5/7/2016 0:00,First Class,SW-169901,SP-K-2869,2,47.98,19.192,4.399
16677,2016-41769,5/10/2016 0:00,5/16/2016 0:00,Standard,SW-160751,SP-B-5296,5,84.95,21.2375,5.398
16678,2016-41769,5/10/2016 0:00,5/16/2016 0:00,Standard,SW-160751,SP-F-3081,1,28.99,8.697,3.1596
16684,2016-41770,5/11/2016 0:00,5/14/2016 0:00,2 Day,CS-124001,AP-W-3809,2,49.98,14.994,5.4986
16710,2016-41776,5/17/2016 0:00,5/22/2016 0:00,2 Day,WO-134351,SP-S-4217,3,77.97,38.985,7.4579
16711,2016-41776,5/17/2016 0:00,5/24/2016 0:00,Standard,WR-156701,SP-T-4891,4,143.96,28.792,7.7584
16717,2016-41777,5/18/2016 0:00,5/21/2016 0:00,First Class,EW-172151,SP-S-3842,8,191.92,95.96,11.596
16718,2016-41777,5/18/2016 0:00,5/21/2016 0:00,First Class,EW-172151,FW-Y-4233,3,98.97,59.382,6.9485
16719,2016-41777,5/18/2016 0:00,5/21/2016 0:00,First Class,EW-172151,SP-F-2916,3,83.97,25.191,6.1985
16720,2016-41777,5/18/2016 0:00,5/21/2016 0:00,First Class,EW-172151,SP-K-2905,1,24.99,9.996,3.2495
16726,2016-41779,5/20/2016 0:00,5/25/2016 0:00,Standard,ET-113951,SP-K-2907,1,24.99,9.996,2.9996
16734,2016-41780,5/21/2016 0:00,5/25/2016 0:00,Standard,EB-132101,SP-K-2848,2,47.98,19.192,3.9192
16739,2016-41781,5/22/2016 0:00,5/27/2016 0:00,Standard,CS-102851,SP-S-3839,9,215.91,107.955,10.6364
16740,2016-41781,5/22/2016 0:00,5/27/2016 0:00,Standard,CS-102851,SP-K-2869,2,47.98,19.192,3.9192
16754,2016-41783,5/24/2016 0:00,5/28/2016 0:00,Standard,SP-107201,SP-S-4115,1,25.99,12.995,3.0396
16755,2016-41783,5/24/2016 0:00,5/28/2016 0:00,Standard,EC-123701,AP-M-5094,4,103.96,41.584,6.1584
16756,2016-41783,5/24/2016 0:00,5/28/2016 0:00,Standard,EC-123701,AP-W-3181,3,104.97,31.491,6.1988
16757,2016-41783,5/24/2016 0:00,5/28/2016 0:00,Standard,EC-123701,SP-S-6604,2,33.98,16.99,3.3592
16758,2016-41783,5/24/2016 0:00,5/28/2016 0:00,Standard,EC-123701,SP-K-2923,1,24.99,9.996,2.9996
16785,2016-41787,5/28/2016 0:00,6/1/2016 0:00,Standard,WS-116651,SP-T-6079,9,179.91,35.982,9.1964
16786,2016-41787,5/28/2016 0:00,6/1/2016 0:00,Standard,WS-116651,FW-Y-2864,3,107.97,64.782,6.3188
16787,2016-41787,5/28/2016 0:00,6/1/2016 0:00,Standard,WS-116651,FW-Y-4329,2,65.98,39.588,4.6392
16810,2016-41790,5/31/2016 0:00,6/1/2016 0:00,Next Day,CT-107351,AP-M-4880,5,179.95,71.98,18.1955
16811,2016-41790,5/31/2016 0:00,6/1/2016 0:00,Next Day,CT-107351,AP-W-3121,5,54.95,16.485,6.9455
16831,2016-41790,5/31/2016 0:00,6/1/2016 0:00,First Class,SW-196901,SP-K-2906,2,49.98,19.992,4.499
16832,2016-41791,6/1/2016 0:00,6/5/2016 0:00,Standard,SP-112901,FW-S-4411,3,41.97,20.985,3.6788
16833,2016-41791,6/1/2016 0:00,6/5/2016 0:00,Standard,SP-112901,FW-Y-4234,3,98.97,59.382,5.9588
16834,2016-41791,6/1/2016 0:00,6/5/2016 0:00,Standard,SP-112901,SP-S-4009,4,95.96,47.98,5.8384
16835,2016-41791,6/1/2016 0:00,6/5/2016 0:00,Standard,SP-112901,SP-S-6604,2,33.98,16.99,3.3592
16870,2016-41797,6/7/2016 0:00,6/8/2016 0:00,First Class,WB-130601,SP-T-4891,5,179.95,35.99,10.9975
16885,2016-41800,6/10/2016 0:00,6/15/2016 0:00,Standard,EB-132101,FW-S-4394,3,128.97,64.485,7.1588
16892,2016-41802,6/12/2016 0:00,6/14/2016 0:00,2 Day,WR-101407,AP-M-4142,3,35.97,14.388,4.5179
16900,2016-41803,6/13/2016 0:00,6/17/2016 0:00,2 Day,WW-109301,FW-S-4398,2,81.98,40.99,7.7386
16901,2016-41803,6/13/2016 0:00,6/17/2016 0:00,2 Day,WW-109301,SP-B-2875,4,103.96,25.99,9.2772
16902,2016-41803,6/13/2016 0:00,6/17/2016 0:00,2 Day,WW-109301,SP-F-3158,9,260.91,78.273,20.2637
16903,2016-41803,6/13/2016 0:00,6/17/2016 0:00,2 Day,WW-109301,SP-S-4323,3,77.97,38.985,7.4579
16904,2016-41803,6/13/2016 0:00,6/17/2016 0:00,2 Day,WW-109301,SP-K-2848,2,47.98,19.192,5.3586
16905,2016-41803,6/13/2016 0:00,6/17/2016 0:00,2 Day,WW-109301,SP-B-5299,8,503.92,125.98,37.2744
16906,2016-41803,6/13/2016 0:00,6/17/2016 0:00,2 Day,WW-109301,FW-Y-3911,2,89.98,53.988,8.2986
16907,2016-41803,6/13/2016 0:00,6/18/2016 0:00,Standard,CB-124151,SP-S-4009,3,71.97,35.985,4.8788
16908,2016-41803,6/13/2016 0:00,6/18/2016 0:00,Standard,CB-124151,SP-B-3503,3,83.97,20.9925,5.3588
16909,2016-41803,6/13/2016 0:00,6/18/2016 0:00,Standard,CR-127301,SP-S-6604,5,84.95,42.475,5.398
16911,2016-41803,6/13/2016 0:00,6/17/2016 0:00,Standard,EA-140351,SP-S-4115,6,155.94,77.97,8.2376
16912,2016-41803,6/13/2016 0:00,6/17/2016 0:00,Standard,EA-140351,SP-S-6604,2,33.98,16.99,3.3592
16925,2016-41805,6/15/2016 0:00,6/19/2016 0:00,Standard,SR-108251,FW-R-3410,7,538.93,215.572,23.5572
16957,2016-41809,6/19/2016 0:00,6/22/2016 0:00,First Class,ET-114401,SP-S-4324,2,51.98,25.99,4.599
16962,2016-41811,6/21/2016 0:00,6/26/2016 0:00,Standard,CS-113651,FW-Y-3915,3,134.97,80.982,7.3988
16963,2016-41811,6/21/2016 0:00,6/26/2016 0:00,Standard,CS-113651,AP-M-4872,1,15.99,6.396,2.6396
16970,2016-41811,6/21/2016 0:00,6/27/2016 0:00,Standard,EA-140351,AP-M-4870,4,63.96,25.584,4.5584
16971,2016-41811,6/21/2016 0:00,6/27/2016 0:00,Standard,EA-140351,SP-S-6604,2,33.98,16.99,3.3592
16979,2016-41812,6/22/2016 0:00,6/27/2016 0:00,Standard,ER-100901,FW-H-3650,2,85.98,25.794,5.4392
16980,2016-41812,6/22/2016 0:00,6/27/2016 0:00,Standard,ER-100901,SP-K-2850,6,143.94,57.576,7.7576
16981,2016-41812,6/22/2016 0:00,6/27/2016 0:00,Standard,ER-100901,SP-K-2907,5,124.95,49.98,6.998
17000,2016-41816,6/26/2016 0:00,6/30/2016 0:00,Standard,ER-102401,SP-B-3975,3,62.97,15.7425,4.5188
17009,2016-41817,6/27/2016 0:00,6/30/2016 0:00,2 Day,SB-102551,AP-M-5097,2,51.98,20.792,5.6386
17022,2016-41818,6/28/2016 0:00,6/30/2016 0:00,2 Day,WC-106601,AP-W-3809,2,49.98,14.994,5.4986
17025,2016-41819,6/29/2016 0:00,7/1/2016 0:00,2 Day,EP-111551,SP-B-3973,4,83.96,20.99,7.8772
17026,2016-41819,6/29/2016 0:00,7/1/2016 0:00,2 Day,EP-111551,FW-S-4394,2,85.98,42.99,8.0186
17027,2016-41819,6/29/2016 0:00,7/1/2016 0:00,2 Day,EP-111551,SP-S-4324,2,51.98,25.99,5.6386
17028,2016-41819,6/29/2016 0:00,7/1/2016 0:00,2 Day,EP-111551,SP-K-2905,2,49.98,19.992,5.4986
17029,2016-41819,6/29/2016 0:00,7/1/2016 0:00,2 Day,EP-111551,SP-B-3479,2,55.98,13.995,5.9186
17030,2016-41819,6/29/2016 0:00,6/29/2016 0:00,Next Day,CS-122501,SP-K-2852,2,47.98,19.192,6.3182
17031,2016-41819,6/29/2016 0:00,6/29/2016 0:00,Next Day,CS-122501,SP-K-2909,3,74.97,29.988,8.7473
17033,2016-41820,6/30/2016 0:00,7/4/2016 0:00,2 Day,WO-126401,SP-T-2922,6,143.94,28.788,12.0758
17045,2016-41823,7/3/2016 0:00,7/4/2016 0:00,First Class,EA-140351,FW-S-4393,5,214.95,107.475,12.7475
17046,2016-41823,7/3/2016 0:00,7/4/2016 0:00,First Class,EA-140351,SP-S-6604,8,135.92,67.96,8.796
17053,2016-41825,7/5/2016 0:00,7/7/2016 0:00,First Class,EA-106451,FW-H-3177,5,229.95,68.985,13.4975
17054,2016-41825,7/5/2016 0:00,7/7/2016 0:00,First Class,EA-106451,SP-T-3745,4,99.96,19.992,6.998
17055,2016-41825,7/5/2016 0:00,7/7/2016 0:00,First Class,EA-106451,SP-K-2852,2,47.98,19.192,4.399
17056,2016-41825,7/5/2016 0:00,7/7/2016 0:00,First Class,EA-106451,FW-Y-5171,5,44.95,26.97,4.2475
17064,2016-41828,7/8/2016 0:00,7/14/2016 0:00,Standard,CC-121001,AP-W-3795,1,24.99,7.497,2.9996
17065,2016-41828,7/8/2016 0:00,7/14/2016 0:00,Standard,CC-121001,SP-F-2903,2,55.98,16.794,4.2392
17066,2016-41828,7/8/2016 0:00,7/14/2016 0:00,Standard,CC-121001,SP-K-2849,5,119.95,47.98,6.798
17067,2016-41828,7/8/2016 0:00,7/14/2016 0:00,Standard,CC-121001,SP-K-2905,5,124.95,49.98,6.998
17068,2016-41828,7/8/2016 0:00,7/10/2016 0:00,2 Day,EC-123701,FW-S-4418,4,47.96,23.98,5.3572
17069,2016-41828,7/8/2016 0:00,7/10/2016 0:00,2 Day,EC-123701,AP-M-5097,5,129.95,51.98,11.0965
17070,2016-41828,7/8/2016 0:00,7/10/2016 0:00,2 Day,EC-123701,SP-S-3328,1,23.99,11.995,3.6793
17075,2016-41829,7/9/2016 0:00,7/15/2016 0:00,Standard,EC-122201,AP-W-3165,1,14.99,4.497,2.5996
17076,2016-41829,7/9/2016 0:00,7/15/2016 0:00,Standard,EC-122201,SP-K-2869,3,71.97,28.788,4.8788
17088,2016-41831,7/11/2016 0:00,7/17/2016 0:00,Standard,WA-103751,SP-T-5980,2,13.98,2.796,2.5592
17089,2016-41831,7/11/2016 0:00,7/11/2016 0:00,Next Day,EA-140351,AP-Y-3603,3,26.97,13.485,4.4273
17094,2016-41835,7/15/2016 0:00,7/20/2016 0:00,Standard,SR-105701,FW-Y-4329,1,32.99,19.794,3.3196
17095,2016-41835,7/15/2016 0:00,7/20/2016 0:00,Standard,SR-105701,SP-K-2906,5,124.95,49.98,6.998
17097,2016-41835,7/15/2016 0:00,7/19/2016 0:00,Standard,SR-128801,SP-K-2904,2,47.98,19.192,3.9192
17098,2016-41835,7/15/2016 0:00,7/18/2016 0:00,First Class,WR-101407,AP-W-3161,8,119.92,35.976,7.996
17115,2016-41837,7/17/2016 0:00,7/23/2016 0:00,Standard,WM-103601,SP-T-4891,3,107.97,21.594,6.3188
17116,2016-41837,7/17/2016 0:00,7/23/2016 0:00,Standard,WM-103601,SP-S-3843,3,71.97,35.985,4.8788
17127,2016-41838,7/18/2016 0:00,7/23/2016 0:00,Standard,CA-104801,SP-T-6088,1,49.99,9.998,3.9996
17128,2016-41838,7/18/2016 0:00,7/23/2016 0:00,Standard,CA-104801,SP-T-3744,3,74.97,14.994,4.9988
17129,2016-41838,7/18/2016 0:00,7/23/2016 0:00,Standard,CA-104801,SP-S-6604,8,135.92,67.96,7.4368
17130,2016-41838,7/18/2016 0:00,7/23/2016 0:00,Standard,CA-104801,SP-S-4460,3,77.97,38.985,5.1188
17131,2016-41838,7/18/2016 0:00,7/23/2016 0:00,Standard,CA-104801,SP-S-4390,1,25.99,12.995,3.0396
17132,2016-41838,7/18/2016 0:00,7/23/2016 0:00,Standard,CT-107351,SP-B-2874,2,51.98,12.995,4.0792
17165,2016-41842,7/22/2016 0:00,7/27/2016 0:00,Standard,SP-112901,FW-S-5048,5,79.95,39.975,5.198
17166,2016-41842,7/22/2016 0:00,7/27/2016 0:00,Standard,SP-112901,SP-F-2916,3,83.97,25.191,5.3588
17167,2016-41842,7/22/2016 0:00,7/24/2016 0:00,2 Day,WC-126101,SP-K-2880,1,23.99,9.596,3.6793
17196,2016-41845,7/25/2016 0:00,7/27/2016 0:00,2 Day,WB-129701,FW-S-4641,2,35.98,17.99,4.5186
17198,2016-41846,7/26/2016 0:00,7/26/2016 0:00,Next Day,WC-111251,SP-B-5299,9,566.91,141.7275,53.0219
17200,2016-41846,7/26/2016 0:00,7/28/2016 0:00,First Class,CB-124151,AP-M-4870,4,63.96,25.584,5.198
17207,2016-41846,7/26/2016 0:00,7/30/2016 0:00,Standard,CR-195251,SP-B-5294,5,14.95,3.7375,2.598
17226,2016-41850,7/30/2016 0:00,8/1/2016 0:00,First Class,EW-192401,SP-K-2869,3,71.97,28.788,5.5985
17232,2016-41851,7/31/2016 0:00,8/3/2016 0:00,First Class,CW-196301,SP-B-4741,2,43.98,10.995,4.199
17259,2016-41859,8/8/2016 0:00,8/12/2016 0:00,Standard,EW-135851,AP-M-4876,3,107.97,43.188,6.3188
17260,2016-41860,8/9/2016 0:00,8/16/2016 0:00,Standard,CA-120551,FW-R-3424,2,153.98,61.592,8.1592
17261,2016-41860,8/9/2016 0:00,8/16/2016 0:00,Standard,CA-120551,SP-B-4729,6,107.94,26.985,6.3176
17262,2016-41860,8/9/2016 0:00,8/16/2016 0:00,Standard,CA-120551,SP-K-2911,5,124.95,49.98,6.998
17263,2016-41860,8/9/2016 0:00,8/15/2016 0:00,Standard,CC-121451,SP-S-3839,2,47.98,23.99,3.9192
17275,2016-41864,8/13/2016 0:00,8/17/2016 0:00,Standard,WC-111251,FW-S-4410,2,27.98,13.99,3.1192
17277,2016-41864,8/13/2016 0:00,8/17/2016 0:00,Standard,ES-124901,FW-R-3557,7,524.93,209.972,22.9972
17278,2016-41864,8/13/2016 0:00,8/15/2016 0:00,2 Day,CB-132701,SP-B-3445,4,111.96,27.99,9.8372
17282,2016-41865,8/14/2016 0:00,8/20/2016 0:00,Standard,CT-119951,SP-S-4217,2,51.98,25.99,4.0792
17283,2016-41865,8/14/2016 0:00,8/20/2016 0:00,Standard,CT-119951,SP-B-2863,1,25.99,6.4975,3.0396
17297,2016-41866,8/15/2016 0:00,8/17/2016 0:00,First Class,SR-213251,SP-S-6604,3,50.97,25.485,4.5485
17302,2016-41867,8/16/2016 0:00,8/18/2016 0:00,2 Day,EC-123701,FW-S-4673,2,31.98,15.99,4.2386
17303,2016-41867,8/16/2016 0:00,8/21/2016 0:00,2 Day,WY-127451,AP-W-3514,3,104.97,31.491,9.3479
17304,2016-41867,8/16/2016 0:00,8/21/2016 0:00,2 Day,WY-127451,SP-F-2903,1,27.99,8.397,3.9593
17308,2016-41868,8/17/2016 0:00,8/20/2016 0:00,First Class,EO-108101,FW-R-3335,2,153.98,61.592,9.699
17313,2016-41870,8/19/2016 0:00,8/24/2016 0:00,2 Day,CW-149351,SP-B-2875,9,233.91,58.4775,18.3737
17321,2016-41872,8/21/2016 0:00,8/24/2016 0:00,First Class,WW-134801,AP-W-3514,2,69.98,20.994,5.499
17334,2016-41874,8/23/2016 0:00,8/29/2016 0:00,Standard,CR-127301,SP-K-2852,2,47.98,19.192,3.9192
17335,2016-41874,8/23/2016 0:00,8/29/2016 0:00,Standard,CR-127301,SP-B-5298,2,65.98,16.495,4.6392
17336,2016-41874,8/23/2016 0:00,8/29/2016 0:00,Standard,CR-127301,SP-K-2869,2,47.98,19.192,3.9192
17339,2016-41874,8/23/2016 0:00,8/30/2016 0:00,Standard,SW-190301,SP-B-5295,2,17.98,4.495,2.7192
17358,2016-41878,8/27/2016 0:00,9/3/2016 0:00,Standard,CA-104801,FW-R-3427,4,299.96,119.984,13.9984
17359,2016-41878,8/27/2016 0:00,9/3/2016 0:00,Standard,CA-104801,AP-M-3373,3,35.97,14.388,3.4388
17360,2016-41878,8/27/2016 0:00,9/3/2016 0:00,Standard,CA-104801,AP-W-3782,3,74.97,22.491,4.9988
17361,2016-41878,8/27/2016 0:00,9/3/2016 0:00,Standard,CA-104801,SP-S-4323,2,51.98,25.99,4.0792
17362,2016-41878,8/27/2016 0:00,9/3/2016 0:00,Standard,CA-104801,SP-B-5294,3,8.97,2.2425,2.3588
17363,2016-41878,8/27/2016 0:00,8/30/2016 0:00,2 Day,CC-121451,SP-S-4115,1,25.99,12.995,3.8193
17364,2016-41878,8/27/2016 0:00,9/1/2016 0:00,Standard,SR-128801,AP-M-3373,5,59.95,23.98,4.398
17365,2016-41878,8/27/2016 0:00,9/1/2016 0:00,Standard,SR-128801,AP-W-3181,6,209.94,62.982,10.3976
17391,2016-41880,8/29/2016 0:00,9/3/2016 0:00,Standard,WS-121301,AP-W-3163,3,44.97,13.491,3.7988
17392,2016-41880,8/29/2016 0:00,9/3/2016 0:00,Standard,WS-121301,SP-S-3328,3,71.97,35.985,4.8788
17397,2016-41881,8/30/2016 0:00,9/4/2016 0:00,Standard,CB-100601,SP-F-6129,3,59.97,17.991,4.3988
17414,2016-41884,9/2/2016 0:00,9/4/2016 0:00,First Class,CB-100601,SP-K-2848,4,95.96,38.384,6.798
17415,2016-41884,9/2/2016 0:00,9/4/2016 0:00,First Class,CB-100601,SP-S-4324,2,51.98,25.99,4.599
17416,2016-41884,9/2/2016 0:00,9/4/2016 0:00,First Class,CB-100601,SP-S-4390,4,103.96,51.98,7.198
17417,2016-41884,9/2/2016 0:00,9/4/2016 0:00,First Class,CB-100601,SP-K-2911,1,24.99,9.996,3.2495
17418,2016-41884,9/2/2016 0:00,9/4/2016 0:00,First Class,CB-100601,AP-M-4300,1,15.99,6.396,2.7995
17444,2016-41885,9/3/2016 0:00,9/7/2016 0:00,Standard,WR-169151,AP-W-3795,4,99.96,29.988,5.9984
17445,2016-41885,9/3/2016 0:00,9/7/2016 0:00,Standard,WR-169151,FW-R-3556,3,224.97,89.988,10.9988
17446,2016-41885,9/3/2016 0:00,9/7/2016 0:00,Standard,WR-169151,FW-Y-5174,9,80.91,48.546,5.2364
17447,2016-41885,9/3/2016 0:00,9/7/2016 0:00,Standard,WR-169151,SP-B-3446,7,195.93,48.9825,9.8372
17448,2016-41885,9/3/2016 0:00,9/7/2016 0:00,Standard,WR-169151,SP-K-2908,1,24.99,9.996,2.9996
17449,2016-41885,9/3/2016 0:00,9/7/2016 0:00,Standard,WR-169151,SP-T-3078,3,74.97,14.994,4.9988
17460,2016-41886,9/4/2016 0:00,9/10/2016 0:00,Standard,WS-119501,SP-K-6098,3,47.97,19.188,3.9188
17461,2016-41886,9/4/2016 0:00,9/7/2016 0:00,First Class,WY-127451,SP-K-2880,8,191.92,76.768,11.596
17473,2016-41887,9/5/2016 0:00,9/9/2016 0:00,Standard,EA-106451,SP-K-2907,6,149.94,59.976,7.9976
17474,2016-41887,9/5/2016 0:00,9/9/2016 0:00,Standard,EA-106451,SP-T-2860,4,95.96,19.192,5.8384
17475,2016-41887,9/5/2016 0:00,9/9/2016 0:00,Standard,EA-106451,FW-Y-2862,3,107.97,64.782,6.3188
17476,2016-41887,9/5/2016 0:00,9/9/2016 0:00,Standard,EA-106451,SP-B-5294,3,8.97,2.2425,2.3588
17477,2016-41887,9/5/2016 0:00,9/9/2016 0:00,Standard,WV-122951,FW-Y-4329,1,32.99,19.794,3.3196
17478,2016-41887,9/5/2016 0:00,9/9/2016 0:00,Standard,WV-122951,SP-K-2904,5,119.95,47.98,6.798
17479,2016-41887,9/5/2016 0:00,9/9/2016 0:00,Standard,WV-122951,SP-F-6129,4,79.96,23.988,5.1984
17491,2016-41888,9/6/2016 0:00,9/12/2016 0:00,Standard,SR-108251,FW-S-4650,7,125.93,62.965,7.0372
17497,2016-41888,9/6/2016 0:00,9/10/2016 0:00,Standard,EB-132101,FW-S-4396,3,122.97,61.485,6.9188
17498,2016-41888,9/6/2016 0:00,9/10/2016 0:00,Standard,EB-132101,FW-Y-2864,9,323.91,194.346,14.9564
17499,2016-41888,9/6/2016 0:00,9/10/2016 0:00,Standard,EB-132101,FW-S-4409,2,27.98,13.99,3.1192
17500,2016-41888,9/6/2016 0:00,9/10/2016 0:00,Standard,EB-132101,SP-B-5295,3,26.97,6.7425,3.0788
17505,2016-41888,9/6/2016 0:00,9/8/2016 0:00,First Class,EW-143951,AP-W-3161,4,59.96,17.988,4.998
17528,2016-41888,9/6/2016 0:00,9/7/2016 0:00,First Class,SR-213251,AP-W-3509,3,104.97,31.491,7.2485
17530,2016-41889,9/7/2016 0:00,9/12/2016 0:00,Standard,WR-138551,SP-B-4099,6,125.94,31.485,7.0376
17541,2016-41891,9/9/2016 0:00,9/15/2016 0:00,Standard,SP-107201,FW-H-3649,3,128.97,38.691,7.1588
17542,2016-41891,9/9/2016 0:00,9/15/2016 0:00,Standard,SP-107201,SP-F-2910,4,111.96,33.588,6.4784
17554,2016-41891,9/9/2016 0:00,9/14/2016 0:00,Standard,SR-213251,FW-Y-4329,1,32.99,19.794,3.3196
17555,2016-41891,9/9/2016 0:00,9/14/2016 0:00,Standard,SR-213251,SP-F-6129,7,139.93,41.979,7.5972
17558,2016-41892,9/10/2016 0:00,9/14/2016 0:00,2 Day,CT-107351,SP-K-6098,4,63.96,25.584,6.4772
17559,2016-41892,9/10/2016 0:00,9/15/2016 0:00,2 Day,SB-129101,FW-Y-3911,4,179.96,107.976,14.5972
17572,2016-41894,9/12/2016 0:00,9/17/2016 0:00,Standard,ER-100901,SP-F-3054,2,57.98,17.394,4.3192
17573,2016-41894,9/12/2016 0:00,9/17/2016 0:00,Standard,ER-100901,SP-K-2923,3,74.97,29.988,4.9988
17593,2016-41895,9/13/2016 0:00,9/15/2016 0:00,2 Day,CP-111851,FW-S-4421,2,23.98,11.99,3.6786
17594,2016-41895,9/13/2016 0:00,9/15/2016 0:00,2 Day,CP-111851,FW-Y-2864,4,143.96,86.376,12.0772
17595,2016-41895,9/13/2016 0:00,9/15/2016 0:00,2 Day,CP-111851,SP-F-3192,3,92.97,27.891,8.5079
17596,2016-41895,9/13/2016 0:00,9/15/2016 0:00,2 Day,CP-111851,FW-Y-3910,1,44.99,26.994,5.1493
17619,2016-41898,9/16/2016 0:00,9/20/2016 0:00,Standard,EB-132101,SP-S-4009,1,23.99,11.995,2.9596
17624,2016-41899,9/17/2016 0:00,9/23/2016 0:00,Standard,WC-111251,SP-S-3507,2,47.98,23.99,3.9192
17625,2016-41899,9/17/2016 0:00,9/19/2016 0:00,First Class,CR-126251,FW-S-4412,2,27.98,13.99,3.399
17628,2016-41900,9/18/2016 0:00,9/24/2016 0:00,Standard,SS-115901,SP-B-5296,5,84.95,21.2375,5.398
17629,2016-41900,9/18/2016 0:00,9/24/2016 0:00,Standard,CC-124301,SP-F-3200,4,123.96,37.188,6.9584
17630,2016-41900,9/18/2016 0:00,9/24/2016 0:00,Standard,WS-125051,AP-Y-5084,4,99.96,49.98,5.9984
17636,2016-41900,9/18/2016 0:00,9/23/2016 0:00,Standard,EW-172151,SP-K-2911,5,124.95,49.98,6.998
17642,2016-41901,9/19/2016 0:00,9/24/2016 0:00,Standard,WM-107051,SP-T-5980,4,27.96,5.592,3.1184
17643,2016-41901,9/19/2016 0:00,9/24/2016 0:00,Standard,WM-107051,FW-S-4672,1,15.99,7.995,2.6396
17647,2016-41901,9/19/2016 0:00,9/23/2016 0:00,Standard,WW-152201,FW-S-4412,9,125.91,62.955,7.0364
17648,2016-41901,9/19/2016 0:00,9/23/2016 0:00,Standard,WW-152201,FW-S-4410,2,27.98,13.99,3.1192
17649,2016-41901,9/19/2016 0:00,9/23/2016 0:00,Standard,WW-152201,SP-S-3839,9,215.91,107.955,10.6364
17657,2016-41902,9/20/2016 0:00,9/23/2016 0:00,First Class,SP-107201,FW-Y-5165,3,26.97,16.182,3.3485
17658,2016-41902,9/20/2016 0:00,9/25/2016 0:00,2 Day,CC-124301,SP-K-2869,3,71.97,28.788,7.0379
17659,2016-41902,9/20/2016 0:00,9/25/2016 0:00,2 Day,CC-124301,SP-S-4323,3,77.97,38.985,7.4579
17668,2016-41902,9/20/2016 0:00,9/24/2016 0:00,Standard,EW-202451,SP-S-6604,7,118.93,59.465,6.7572
17683,2016-41905,9/23/2016 0:00,9/27/2016 0:00,Standard,SC-104501,SP-F-3051,2,55.98,16.794,4.2392
17684,2016-41905,9/23/2016 0:00,9/27/2016 0:00,Standard,SC-104501,SP-K-2906,9,224.91,89.964,10.9964
17685,2016-41905,9/23/2016 0:00,9/29/2016 0:00,Standard,CS-106301,FW-Y-4234,2,65.98,39.588,4.6392
17686,2016-41905,9/23/2016 0:00,9/29/2016 0:00,Standard,WC-106601,SP-S-4460,6,155.94,77.97,8.2376
17687,2016-41905,9/23/2016 0:00,9/27/2016 0:00,Standard,CS-122501,FW-Y-3911,2,89.98,53.988,5.5992
17689,2016-41905,9/23/2016 0:00,9/29/2016 0:00,Standard,EW-192401,SP-B-5298,3,98.97,24.7425,5.9588
17698,2016-41906,9/24/2016 0:00,9/29/2016 0:00,2 Day,CR-125801,SP-F-3184,7,202.93,60.879,16.2051
17710,2016-41907,9/25/2016 0:00,10/1/2016 0:00,Standard,SP-112301,SP-S-6604,1,16.99,8.495,2.6796
17711,2016-41907,9/25/2016 0:00,10/1/2016 0:00,Standard,SP-112301,SP-K-2906,1,24.99,9.996,2.9996
17722,2016-41908,9/26/2016 0:00,9/28/2016 0:00,First Class,SR-213251,AP-Y-6352,2,33.98,16.99,3.699
17723,2016-41908,9/26/2016 0:00,10/1/2016 0:00,Standard,CB-101051,FW-R-3412,3,230.97,92.388,11.2388
17731,2016-41908,9/26/2016 0:00,10/2/2016 0:00,Standard,SW-160751,SP-B-3445,4,111.96,27.99,6.4784
17742,2016-41909,9/27/2016 0:00,10/2/2016 0:00,2 Day,CS-121751,SP-S-3839,1,23.99,11.995,3.6793
17747,2016-41909,9/27/2016 0:00,10/1/2016 0:00,Standard,EW-135851,SP-S-4324,2,51.98,25.99,4.0792
17748,2016-41909,9/27/2016 0:00,10/1/2016 0:00,Standard,CR-170351,FW-S-4418,5,59.95,29.975,4.398
17749,2016-41909,9/27/2016 0:00,10/1/2016 0:00,Standard,CR-170351,SP-B-4011,2,41.98,10.495,3.6792
17763,2016-41910,9/28/2016 0:00,10/4/2016 0:00,Standard,SW-204551,AP-W-3170,2,69.98,20.994,4.7992
17765,2016-41912,9/30/2016 0:00,10/4/2016 0:00,Standard,ER-105401,SP-K-2850,5,119.95,47.98,6.798
17766,2016-41912,9/30/2016 0:00,10/1/2016 0:00,First Class,CC-121001,SP-B-5294,7,20.93,5.2325,3.0465
17768,2016-41912,9/30/2016 0:00,10/4/2016 0:00,Standard,WR-101407,AP-W-3804,3,74.97,22.491,4.9988
17778,2016-41914,10/2/2016 0:00,10/3/2016 0:00,First Class,EC-122201,AP-W-3120,2,21.98,6.594,3.099
17779,2016-41914,10/2/2016 0:00,10/3/2016 0:00,First Class,EC-122201,FW-Y-5164,5,44.95,26.97,4.2475
17792,2016-41916,10/4/2016 0:00,10/8/2016 0:00,Standard,SB-129101,FW-S-4393,4,171.96,85.98,8.8784
17793,2016-41916,10/4/2016 0:00,10/8/2016 0:00,Standard,SB-129101,SP-S-4302,2,51.98,25.99,4.0792
17794,2016-41916,10/4/2016 0:00,10/8/2016 0:00,Standard,SB-129101,SP-S-4115,2,51.98,25.99,4.0792
17795,2016-41916,10/4/2016 0:00,10/8/2016 0:00,Standard,SB-129101,SP-F-3080,2,57.98,17.394,4.3192
17801,2016-41917,10/5/2016 0:00,10/9/2016 0:00,Standard,WR-129401,AP-M-4872,9,143.91,57.564,7.7564
17802,2016-41917,10/5/2016 0:00,10/9/2016 0:00,Standard,WR-129401,SP-K-2852,1,23.99,9.596,2.9596
17803,2016-41917,10/5/2016 0:00,10/9/2016 0:00,Standard,WR-129401,SP-T-4891,3,107.97,21.594,6.3188
17811,2016-41920,10/8/2016 0:00,10/11/2016 0:00,First Class,WW-109301,SP-F-3197,2,61.98,18.594,5.099
17812,2016-41920,10/8/2016 0:00,10/13/2016 0:00,Standard,EC-124751,SP-S-3159,2,47.98,23.99,3.9192
17816,2016-41921,10/9/2016 0:00,10/15/2016 0:00,Standard,SW-111101,FW-Y-2862,8,287.92,172.752,13.5168
17825,2016-41923,10/11/2016 0:00,10/13/2016 0:00,First Class,WC-126101,FW-S-4420,1,11.99,5.995,2.5995
17826,2016-41923,10/11/2016 0:00,10/13/2016 0:00,First Class,WC-126101,FW-H-3650,3,128.97,38.691,8.4485
17827,2016-41923,10/11/2016 0:00,10/13/2016 0:00,First Class,WC-126101,AP-W-3121,1,10.99,3.297,2.5495
17834,2016-41926,10/14/2016 0:00,10/21/2016 0:00,Standard,SW-111101,SP-T-3059,3,74.97,14.994,4.9988
17835,2016-41926,10/14/2016 0:00,10/21/2016 0:00,Standard,SW-111101,SP-B-3455,5,139.95,34.9875,7.598
17836,2016-41926,10/14/2016 0:00,10/21/2016 0:00,Standard,SW-111101,SP-S-3843,2,47.98,23.99,3.9192
17837,2016-41926,10/14/2016 0:00,10/21/2016 0:00,Standard,SW-111101,FW-Y-4233,3,98.97,59.382,5.9588
17838,2016-41926,10/14/2016 0:00,10/21/2016 0:00,Standard,SW-111101,SP-F-3080,5,144.95,43.485,7.798
17861,2016-41927,10/15/2016 0:00,10/19/2016 0:00,Standard,SW-190301,AP-W-3509,7,244.93,73.479,11.7972
17862,2016-41927,10/15/2016 0:00,10/19/2016 0:00,Standard,SW-190301,SP-S-3842,2,47.98,23.99,3.9192
17877,2016-41930,10/18/2016 0:00,10/22/2016 0:00,2 Day,WC-142451,SP-B-3975,7,146.93,36.7325,12.2851
17878,2016-41930,10/18/2016 0:00,10/22/2016 0:00,2 Day,WC-142451,AP-W-2878,3,32.97,9.891,4.3079
17881,2016-41930,10/18/2016 0:00,10/21/2016 0:00,First Class,ER-185501,SP-K-2848,1,23.99,9.596,3.1995
17882,2016-41930,10/18/2016 0:00,10/21/2016 0:00,First Class,ER-185501,FW-H-3643,1,42.99,12.897,4.1495
17894,2016-41934,10/22/2016 0:00,10/27/2016 0:00,Standard,SP-107201,FW-Y-5164,2,17.98,10.788,2.7192
17895,2016-41934,10/22/2016 0:00,10/27/2016 0:00,Standard,SP-107201,SP-K-2908,8,199.92,79.968,9.9968
17896,2016-41934,10/22/2016 0:00,10/28/2016 0:00,Standard,WS-119501,SP-T-4891,3,107.97,21.594,6.3188
17897,2016-41934,10/22/2016 0:00,10/28/2016 0:00,Standard,WS-119501,FW-S-4673,3,47.97,23.985,3.9188
17898,2016-41934,10/22/2016 0:00,10/28/2016 0:00,Standard,WS-119501,FW-Y-3915,2,89.98,53.988,5.5992
17899,2016-41934,10/22/2016 0:00,10/28/2016 0:00,Standard,WS-119501,SP-B-5295,3,26.97,6.7425,3.0788
17904,2016-41934,10/22/2016 0:00,10/25/2016 0:00,2 Day,EW-146051,SP-T-6079,9,179.91,35.982,14.5937
17920,2016-41936,10/24/2016 0:00,10/29/2016 0:00,Standard,SB-102551,SP-F-3064,5,144.95,43.485,7.798
17923,2016-41936,10/24/2016 0:00,10/30/2016 0:00,Standard,CR-207401,SP-S-3507,10,239.9,119.95,11.596
17931,2016-41940,10/28/2016 0:00,11/3/2016 0:00,Standard,EP-110951,SP-F-3192,4,123.96,37.188,6.9584
17932,2016-41940,10/28/2016 0:00,11/3/2016 0:00,Standard,EP-110951,SP-K-2904,3,71.97,28.788,4.8788
17933,2016-41940,10/28/2016 0:00,11/1/2016 0:00,Standard,WW-112001,FW-S-4619,14,251.86,125.93,12.0744
17934,2016-41940,10/28/2016 0:00,11/2/2016 0:00,2 Day,WW-112001,FW-S-4408,1,13.99,6.995,2.9793
17935,2016-41940,10/28/2016 0:00,11/1/2016 0:00,Standard,WW-112001,SP-F-3054,7,202.93,60.879,10.1172
17936,2016-41940,10/28/2016 0:00,11/1/2016 0:00,Standard,WW-112001,SP-K-2905,2,49.98,19.992,3.9992
17937,2016-41940,10/28/2016 0:00,11/1/2016 0:00,Standard,WW-112001,SP-T-4891,2,71.98,14.396,4.8792
17940,2016-41941,10/29/2016 0:00,10/30/2016 0:00,First Class,CS-102851,SP-K-2923,3,74.97,29.988,5.7485
17941,2016-41941,10/29/2016 0:00,10/30/2016 0:00,First Class,CS-102851,SP-S-4115,7,181.93,90.965,11.0965
17959,2016-41942,10/30/2016 0:00,11/1/2016 0:00,First Class,CW-164351,FW-Y-3916,5,224.95,134.97,13.2475
17967,2016-41944,11/1/2016 0:00,11/6/2016 0:00,Standard,CW-149351,SP-T-2920,3,71.97,14.394,4.8788
17968,2016-41944,11/1/2016 0:00,11/6/2016 0:00,Standard,CW-149351,FW-S-4669,3,47.97,23.985,3.9188
17969,2016-41944,11/1/2016 0:00,11/6/2016 0:00,Standard,CW-149351,SP-B-4741,3,65.97,16.4925,4.6388
17970,2016-41944,11/1/2016 0:00,11/6/2016 0:00,Standard,CW-149351,SP-S-4323,2,51.98,25.99,4.0792
17973,2016-41945,11/2/2016 0:00,11/5/2016 0:00,First Class,ES-124901,SP-T-6088,9,449.91,89.982,24.4955
17977,2016-41947,11/4/2016 0:00,11/9/2016 0:00,2 Day,WP-109151,FW-R-3335,3,230.97,92.388,18.1679
17978,2016-41947,11/4/2016 0:00,11/9/2016 0:00,2 Day,WP-109151,FW-Y-4329,5,164.95,98.97,13.5465
17979,2016-41947,11/4/2016 0:00,11/9/2016 0:00,2 Day,WP-109151,SP-F-3051,4,111.96,33.588,9.8372
17980,2016-41947,11/4/2016 0:00,11/9/2016 0:00,2 Day,WP-109151,SP-B-4011,3,62.97,15.7425,6.4079
17981,2016-41947,11/4/2016 0:00,11/9/2016 0:00,2 Day,WP-109151,SP-B-3503,1,27.99,6.9975,3.9593
17986,2016-41947,11/4/2016 0:00,11/6/2016 0:00,First Class,WW-184001,AP-Y-5490,3,74.97,37.485,5.7485
17987,2016-41947,11/4/2016 0:00,11/6/2016 0:00,First Class,WW-184001,SP-K-2923,7,174.93,69.972,10.7465
18001,2016-41948,11/5/2016 0:00,11/9/2016 0:00,2 Day,CS-102851,FW-Y-5164,3,26.97,16.182,3.8879
18002,2016-41948,11/5/2016 0:00,11/9/2016 0:00,Standard,WW-119051,SP-S-6604,6,101.94,50.97,6.0776
18003,2016-41948,11/5/2016 0:00,11/9/2016 0:00,Standard,WW-119051,SP-K-6098,2,31.98,12.792,3.2792
18004,2016-41948,11/5/2016 0:00,11/9/2016 0:00,Standard,WW-119051,SP-K-2906,1,24.99,9.996,2.9996
18005,2016-41948,11/5/2016 0:00,11/9/2016 0:00,Standard,EC-124751,AP-Y-5489,2,49.98,24.99,3.9992
18006,2016-41948,11/5/2016 0:00,11/7/2016 0:00,2 Day,WR-138551,FW-R-3557,10,749.9,299.96,54.493
18007,2016-41948,11/5/2016 0:00,11/7/2016 0:00,2 Day,WR-138551,SP-S-4302,2,51.98,25.99,5.6386
18008,2016-41948,11/5/2016 0:00,11/7/2016 0:00,2 Day,WR-138551,SP-T-3079,2,49.98,9.996,5.4986
18021,2016-41949,11/6/2016 0:00,11/11/2016 0:00,Standard,CS-102851,AP-W-3123,2,21.98,6.594,2.8792
18022,2016-41949,11/6/2016 0:00,11/11/2016 0:00,Standard,CS-124001,SP-K-2907,5,124.95,49.98,6.998
18030,2016-41949,11/6/2016 0:00,11/8/2016 0:00,First Class,SW-171251,FW-Y-5174,5,44.95,26.97,4.2475
18031,2016-41949,11/6/2016 0:00,11/8/2016 0:00,First Class,SW-171251,FW-Y-2871,2,71.98,43.188,5.599
18032,2016-41949,11/6/2016 0:00,11/8/2016 0:00,First Class,SW-171251,AP-M-3124,3,35.97,14.388,3.7985
18047,2016-41951,11/8/2016 0:00,11/10/2016 0:00,First Class,EC-124751,SP-F-2916,4,111.96,33.588,7.598
18048,2016-41951,11/8/2016 0:00,11/13/2016 0:00,Standard,SB-125351,FW-Y-2862,3,107.97,64.782,6.3188
18055,2016-41951,11/8/2016 0:00,11/10/2016 0:00,First Class,EW-172151,AP-W-3123,3,32.97,9.891,3.6485
18056,2016-41951,11/8/2016 0:00,11/10/2016 0:00,First Class,EW-172151,AP-W-3169,4,139.96,41.988,8.998
18057,2016-41951,11/8/2016 0:00,11/10/2016 0:00,First Class,EW-172151,SP-K-2906,2,49.98,19.992,4.499
18058,2016-41951,11/8/2016 0:00,11/10/2016 0:00,First Class,EW-172151,SP-T-3059,3,74.97,14.994,5.7485
18059,2016-41951,11/8/2016 0:00,11/10/2016 0:00,First Class,EW-172151,SP-S-6604,2,33.98,16.99,3.699
18069,2016-41954,11/11/2016 0:00,11/13/2016 0:00,First Class,CB-100151,AP-W-3165,2,29.98,8.994,3.499
18070,2016-41954,11/11/2016 0:00,11/13/2016 0:00,First Class,CB-100151,FW-H-3177,2,91.98,27.594,6.599
18081,2016-41954,11/11/2016 0:00,11/13/2016 0:00,First Class,CC-124301,SP-S-6604,5,84.95,42.475,6.2475
18082,2016-41954,11/11/2016 0:00,11/13/2016 0:00,First Class,CC-124301,SP-K-2909,4,99.96,39.984,6.998
18083,2016-41954,11/11/2016 0:00,11/16/2016 0:00,Standard,EC-132851,SP-B-4741,7,153.93,38.4825,8.1572
18101,2016-41954,11/11/2016 0:00,11/15/2016 0:00,Standard,EW-202751,AP-W-3509,7,244.93,73.479,11.7972
18102,2016-41954,11/11/2016 0:00,11/15/2016 0:00,Standard,EW-202751,SP-K-2904,1,23.99,9.596,2.9596
18104,2016-41955,11/12/2016 0:00,11/18/2016 0:00,Standard,CS-102851,FW-R-3332,6,461.94,184.776,20.4776
18106,2016-41955,11/12/2016 0:00,11/18/2016 0:00,Standard,CB-115451,AP-M-3373,4,47.96,19.184,3.9184
18107,2016-41955,11/12/2016 0:00,11/18/2016 0:00,Standard,CB-115451,FW-S-4395,2,81.98,40.99,5.2792
18123,2016-41956,11/13/2016 0:00,11/16/2016 0:00,First Class,WW-134801,FW-R-3335,3,230.97,92.388,13.5485
18124,2016-41956,11/13/2016 0:00,11/16/2016 0:00,First Class,WW-134801,AP-W-3811,3,74.97,22.491,5.7485
18139,2016-41957,11/14/2016 0:00,11/20/2016 0:00,Standard,SR-101351,FW-Y-3910,1,44.99,26.994,3.7996
18140,2016-41957,11/14/2016 0:00,11/18/2016 0:00,Standard,CC-124301,SP-S-4460,7,181.93,90.965,9.2772
18141,2016-41957,11/14/2016 0:00,11/18/2016 0:00,Standard,WS-125051,SP-F-6129,7,139.93,41.979,7.5972
18152,2016-41958,11/15/2016 0:00,11/17/2016 0:00,2 Day,WA-103751,AP-M-5098,2,51.98,20.792,5.6386
18153,2016-41958,11/15/2016 0:00,11/17/2016 0:00,2 Day,WA-103751,SP-S-6604,1,16.99,8.495,3.1893
18154,2016-41958,11/15/2016 0:00,11/17/2016 0:00,2 Day,WA-103751,SP-K-2911,2,49.98,19.992,5.4986
18165,2016-41958,11/15/2016 0:00,11/20/2016 0:00,Standard,WR-193151,SP-F-2916,2,55.98,16.794,4.2392
18179,2016-41962,11/19/2016 0:00,11/24/2016 0:00,Standard,WW-109301,SP-T-5980,4,27.96,5.592,3.1184
18216,2016-41964,11/21/2016 0:00,11/28/2016 0:00,Standard,WW-131951,FW-S-4415,5,59.95,29.975,4.398
18217,2016-41964,11/21/2016 0:00,11/28/2016 0:00,Standard,WW-131951,AP-W-3181,7,244.93,73.479,11.7972
18218,2016-41964,11/21/2016 0:00,11/28/2016 0:00,Standard,WW-131951,FW-Y-3913,3,134.97,80.982,7.3988
18220,2016-41964,11/21/2016 0:00,11/26/2016 0:00,Standard,WA-142301,AP-W-3509,4,139.96,41.988,7.5984
18221,2016-41964,11/21/2016 0:00,11/26/2016 0:00,Standard,WA-142301,FW-H-3649,2,85.98,25.794,5.4392
18222,2016-41964,11/21/2016 0:00,11/26/2016 0:00,Standard,WA-142301,SP-T-3079,5,124.95,24.99,6.998
18243,2016-41966,11/23/2016 0:00,11/28/2016 0:00,Standard,CA-120551,SP-K-2869,8,191.92,76.768,9.6768
18256,2016-41968,11/25/2016 0:00,12/2/2016 0:00,Standard,ET-104351,AP-W-2879,2,21.98,6.594,2.8792
18257,2016-41968,11/25/2016 0:00,12/2/2016 0:00,Standard,ET-104351,FW-Y-3916,2,89.98,53.988,5.5992
18258,2016-41968,11/25/2016 0:00,11/28/2016 0:00,First Class,SC-104501,SP-K-2907,5,124.95,49.98,8.2475
18260,2016-41968,11/25/2016 0:00,11/27/2016 0:00,First Class,CA-120551,AP-M-4936,5,179.95,71.98,10.9975
18261,2016-41968,11/25/2016 0:00,11/27/2016 0:00,First Class,CA-120551,SP-K-2907,3,74.97,29.988,5.7485
18262,2016-41968,11/25/2016 0:00,11/29/2016 0:00,Standard,CR-125801,SP-S-4115,3,77.97,38.985,5.1188
18263,2016-41968,11/25/2016 0:00,11/29/2016 0:00,Standard,WA-145151,AP-W-3162,6,89.94,26.982,5.5976
18283,2016-41969,11/26/2016 0:00,12/1/2016 0:00,Standard,EP-110501,SP-T-3360,4,99.96,19.992,5.9984
18284,2016-41969,11/26/2016 0:00,12/1/2016 0:00,Standard,EP-110501,AP-Y-5009,8,95.92,47.96,5.8368
18285,2016-41969,11/26/2016 0:00,11/30/2016 0:00,Standard,CB-115451,FW-R-3560,9,674.91,269.964,28.9964
18286,2016-41969,11/26/2016 0:00,11/30/2016 0:00,Standard,CB-115451,AP-M-5094,8,207.92,83.168,10.3168
18287,2016-41969,11/26/2016 0:00,11/30/2016 0:00,Standard,CB-115451,SP-K-6098,1,15.99,6.396,2.6396
18288,2016-41969,11/26/2016 0:00,12/3/2016 0:00,Standard,WS-125051,AP-Y-3854,5,44.95,22.475,3.798
18289,2016-41969,11/26/2016 0:00,12/3/2016 0:00,Standard,WS-125051,SP-K-2908,2,49.98,19.992,3.9992
18290,2016-41969,11/26/2016 0:00,12/3/2016 0:00,Standard,WS-125051,AP-M-3373,3,35.97,14.388,3.4388
18295,2016-41970,11/27/2016 0:00,12/2/2016 0:00,Standard,CT-119951,AP-W-3181,3,104.97,31.491,6.1988
18300,2016-41970,11/27/2016 0:00,12/3/2016 0:00,Standard,WA-145151,SP-B-3973,4,83.96,20.99,5.3584
18311,2016-41971,11/28/2016 0:00,12/1/2016 0:00,First Class,SB-120251,SP-S-3842,5,119.95,59.975,7.9975
18312,2016-41971,11/28/2016 0:00,12/1/2016 0:00,First Class,SB-120251,SP-B-5296,3,50.97,12.7425,4.5485
18313,2016-41971,11/28/2016 0:00,12/1/2016 0:00,First Class,SB-120251,SP-S-6604,4,67.96,33.98,5.398
18314,2016-41971,11/28/2016 0:00,12/1/2016 0:00,First Class,SB-120251,SP-K-2906,5,124.95,49.98,8.2475
18316,2016-41971,11/28/2016 0:00,11/30/2016 0:00,2 Day,CC-126701,AP-W-3511,1,34.99,10.497,4.4493
18322,2016-41971,11/28/2016 0:00,12/1/2016 0:00,First Class,CW-196301,SP-K-2869,5,119.95,47.98,7.9975
18323,2016-41971,11/28/2016 0:00,12/1/2016 0:00,First Class,CW-196301,AP-M-4945,5,129.95,51.98,8.4975
18326,2016-41972,11/29/2016 0:00,12/5/2016 0:00,Standard,CS-131801,FW-S-4651,7,125.93,62.965,7.0372
18327,2016-41972,11/29/2016 0:00,12/5/2016 0:00,Standard,CS-131801,AP-W-3814,3,74.97,22.491,4.9988
18328,2016-41972,11/29/2016 0:00,12/5/2016 0:00,Standard,CS-131801,SP-F-6129,8,159.92,47.976,8.3968
18329,2016-41972,11/29/2016 0:00,12/5/2016 0:00,Standard,CS-131801,SP-T-5980,2,13.98,2.796,2.5592
18330,2016-41972,11/29/2016 0:00,12/5/2016 0:00,Standard,CS-131801,SP-K-2923,2,49.98,19.992,3.9992
18336,2016-41973,11/30/2016 0:00,12/5/2016 0:00,2 Day,WR-129401,FW-Y-5174,4,35.96,21.576,4.5172
18338,2016-41974,12/1/2016 0:00,12/7/2016 0:00,Standard,WS-117551,SP-T-4891,7,251.93,50.386,12.0772
18339,2016-41974,12/1/2016 0:00,12/7/2016 0:00,Standard,WS-117551,FW-S-4418,3,35.97,17.985,3.4388
18340,2016-41974,12/1/2016 0:00,12/7/2016 0:00,Standard,WS-117551,SP-S-4324,4,103.96,51.98,6.1584
18341,2016-41974,12/1/2016 0:00,12/7/2016 0:00,Standard,WS-117551,SP-F-6129,2,39.98,11.994,3.5992
18342,2016-41974,12/1/2016 0:00,12/1/2016 0:00,Next Day,EB-132101,AP-W-3163,1,14.99,4.497,3.3491
18366,2016-41976,12/3/2016 0:00,12/9/2016 0:00,Standard,SR-101351,AP-M-5049,3,77.97,31.188,5.1188
18367,2016-41976,12/3/2016 0:00,12/9/2016 0:00,Standard,CB-132701,SP-F-6129,5,99.95,29.985,5.998
18368,2016-41976,12/3/2016 0:00,12/9/2016 0:00,Standard,CB-132701,AP-W-3811,5,124.95,37.485,6.998
18369,2016-41976,12/3/2016 0:00,12/9/2016 0:00,Standard,CB-132701,FW-Y-3915,6,269.94,161.964,12.7976
18382,2016-41976,12/3/2016 0:00,12/7/2016 0:00,Standard,SW-190301,SP-K-2909,8,199.92,79.968,9.9968
18424,2016-41980,12/7/2016 0:00,12/11/2016 0:00,Standard,SP-107201,SP-K-2908,14,349.86,139.944,15.9944
18425,2016-41980,12/7/2016 0:00,12/11/2016 0:00,Standard,SP-107201,AP-W-3181,5,174.95,52.485,8.998
18426,2016-41980,12/7/2016 0:00,12/11/2016 0:00,Standard,SP-107201,AP-W-3811,2,49.98,14.994,3.9992
18427,2016-41980,12/7/2016 0:00,12/11/2016 0:00,Standard,SP-107201,SP-K-2880,4,95.96,38.384,5.8384
18428,2016-41980,12/7/2016 0:00,12/11/2016 0:00,Standard,SP-107201,SP-S-4460,2,51.98,25.99,4.0792
18429,2016-41980,12/7/2016 0:00,12/11/2016 0:00,Standard,SP-107201,SP-B-3455,7,195.93,48.9825,9.8372
18430,2016-41980,12/7/2016 0:00,12/11/2016 0:00,Standard,SP-107201,SP-F-3080,7,202.93,60.879,10.1172
18470,2016-41983,12/10/2016 0:00,12/14/2016 0:00,2 Day,CW-196301,SP-F-6129,3,59.97,17.991,6.1979
18471,2016-41983,12/10/2016 0:00,12/14/2016 0:00,2 Day,CW-196301,AP-M-4948,4,103.96,41.584,9.2772
18472,2016-41983,12/10/2016 0:00,12/14/2016 0:00,2 Day,CW-196301,SP-B-2873,2,51.98,12.995,5.6386
18474,2016-41984,12/11/2016 0:00,12/18/2016 0:00,Standard,WP-109151,SP-K-2850,3,71.97,28.788,4.8788
18475,2016-41984,12/11/2016 0:00,12/18/2016 0:00,Standard,WP-109151,SP-S-6604,4,67.96,33.98,4.7184
18476,2016-41984,12/11/2016 0:00,12/18/2016 0:00,Standard,WP-109151,SP-B-3975,3,62.97,15.7425,4.5188
18477,2016-41984,12/11/2016 0:00,12/18/2016 0:00,Standard,WP-109151,SP-B-3974,3,62.97,15.7425,4.5188
18478,2016-41984,12/11/2016 0:00,12/18/2016 0:00,Standard,WP-109151,AP-M-4945,5,129.95,51.98,7.198
18479,2016-41984,12/11/2016 0:00,12/17/2016 0:00,Standard,SW-111101,SP-F-6129,9,179.91,53.973,9.1964
18488,2016-41985,12/12/2016 0:00,12/17/2016 0:00,2 Day,SR-108251,AP-W-3170,3,104.97,31.491,9.3479
18489,2016-41985,12/12/2016 0:00,12/17/2016 0:00,2 Day,SR-108251,AP-M-4300,4,63.96,25.584,6.4772
18490,2016-41985,12/12/2016 0:00,12/17/2016 0:00,2 Day,SR-108251,FW-Y-2867,4,143.96,86.376,12.0772
18491,2016-41985,12/12/2016 0:00,12/18/2016 0:00,Standard,EA-127751,SP-B-5298,3,98.97,24.7425,5.9588
18492,2016-41985,12/12/2016 0:00,12/14/2016 0:00,First Class,CB-132701,FW-S-4409,5,69.95,34.975,5.4975
18498,2016-41985,12/12/2016 0:00,12/12/2016 0:00,Next Day,WR-169151,SP-T-6079,3,59.97,11.994,7.3973
18516,2016-41986,12/13/2016 0:00,12/19/2016 0:00,Standard,WC-140501,AP-M-3748,5,59.95,23.98,4.398
18517,2016-41986,12/13/2016 0:00,12/19/2016 0:00,Standard,WC-140501,SP-S-3159,4,95.96,47.98,5.8384
18531,2016-41987,12/14/2016 0:00,12/21/2016 0:00,Standard,CW-196301,FW-R-3560,4,299.96,119.984,13.9984
18532,2016-41987,12/14/2016 0:00,12/21/2016 0:00,Standard,CW-196301,SP-K-2923,2,49.98,19.992,3.9992
18533,2016-41988,12/15/2016 0:00,12/18/2016 0:00,First Class,CS-131801,FW-S-4410,2,27.98,13.99,3.399
18534,2016-41988,12/15/2016 0:00,12/18/2016 0:00,First Class,CS-131801,SP-T-6088,10,499.9,99.98,26.995
18542,2016-41989,12/16/2016 0:00,12/23/2016 0:00,Standard,SP-112301,FW-Y-3917,2,89.98,53.988,5.5992
18549,2016-41990,12/17/2016 0:00,12/21/2016 0:00,2 Day,CC-126701,SP-K-2905,3,74.97,29.988,7.2479
18556,2016-41991,12/18/2016 0:00,12/22/2016 0:00,Standard,CB-101051,SP-K-2909,13,324.87,129.948,14.9948
18571,2016-41992,12/19/2016 0:00,12/21/2016 0:00,First Class,WY-105551,AP-W-3514,7,244.93,73.479,14.2465
18582,2016-41993,12/20/2016 0:00,12/25/2016 0:00,Standard,EP-110501,SP-K-6098,5,79.95,31.98,5.198
18584,2016-41993,12/20/2016 0:00,12/26/2016 0:00,Standard,WR-101407,FW-R-3424,6,461.94,184.776,20.4776
18585,2016-41993,12/20/2016 0:00,12/26/2016 0:00,Standard,WR-101407,SP-K-6098,6,95.94,38.376,5.8376
18586,2016-41993,12/20/2016 0:00,12/26/2016 0:00,Standard,WR-101407,SP-K-2849,2,47.98,19.192,3.9192
18589,2016-41994,12/21/2016 0:00,12/25/2016 0:00,Standard,SB-102551,SP-K-2908,2,49.98,19.992,3.9992
18590,2016-41994,12/21/2016 0:00,12/25/2016 0:00,Standard,SB-102551,FW-Y-2867,4,143.96,86.376,7.7584
18601,2016-41997,12/24/2016 0:00,12/25/2016 0:00,First Class,CP-111851,FW-H-3177,2,91.98,27.594,6.599
18602,2016-41997,12/24/2016 0:00,12/29/2016 0:00,2 Day,EA-119651,AP-M-4870,4,63.96,25.584,6.4772
18621,2016-41998,12/25/2016 0:00,12/26/2016 0:00,First Class,WV-112451,SP-S-3842,5,119.95,59.975,7.9975
18623,2016-41998,12/25/2016 0:00,12/28/2016 0:00,2 Day,SW-190301,AP-W-3509,3,104.97,31.491,9.3479
18630,2016-41999,12/26/2016 0:00,12/31/2016 0:00,Standard,WB-129701,FW-S-4619,3,53.97,26.985,4.1588
18631,2016-41999,12/26/2016 0:00,12/31/2016 0:00,Standard,WB-129701,FW-R-3423,2,153.98,61.592,8.1592
18638,2016-41999,12/26/2016 0:00,1/2/2017 0:00,Standard,WW-168251,AP-Y-5557,2,49.98,24.99,3.9992
18639,2016-41999,12/26/2016 0:00,1/2/2017 0:00,Standard,WW-168251,AP-M-4799,2,31.98,12.792,3.2792
18640,2016-41999,12/26/2016 0:00,1/2/2017 0:00,Standard,WW-168251,FW-S-4408,2,27.98,13.99,3.1192
18641,2016-41999,12/26/2016 0:00,1/2/2017 0:00,Standard,WW-168251,AP-M-4876,3,107.97,43.188,6.3188
18642,2016-41999,12/26/2016 0:00,1/2/2017 0:00,Standard,WW-168251,FW-R-3428,1,74.99,29.996,4.9996
18648,2016-42000,12/27/2016 0:00,1/1/2017 0:00,Standard,ER-105101,AP-M-3373,3,35.97,14.388,3.4388
18650,2016-42000,12/27/2016 0:00,1/3/2017 0:00,Standard,CB-115451,FW-S-4620,3,53.97,26.985,4.1588
18651,2016-42000,12/27/2016 0:00,1/3/2017 0:00,Standard,CB-115451,SP-B-4010,1,20.99,5.2475,2.8396
18663,2016-42001,12/28/2016 0:00,1/3/2017 0:00,Standard,SW-159551,SP-F-3197,1,30.99,9.297,3.2396
18666,2016-42001,12/28/2016 0:00,12/31/2016 0:00,2 Day,WW-182201,AP-M-5097,2,51.98,20.792,5.6386
18688,2017-42005,1/1/2017 0:00,1/7/2017 0:00,Standard,EP-111551,SP-K-2907,3,74.97,29.988,4.9988
18696,2017-42006,1/2/2017 0:00,1/7/2017 0:00,Standard,WA-147251,FW-Y-4329,4,131.96,79.176,7.2784
18705,2017-42007,1/3/2017 0:00,1/5/2017 0:00,First Class,SR-213251,AP-Y-3788,2,17.98,8.99,2.899
18706,2017-42007,1/3/2017 0:00,1/5/2017 0:00,First Class,SR-213251,SP-K-2909,6,149.94,59.976,9.497
18707,2017-42007,1/3/2017 0:00,1/5/2017 0:00,First Class,SR-213251,SP-K-2908,5,124.95,49.98,8.2475
18708,2017-42007,1/3/2017 0:00,1/5/2017 0:00,2 Day,EW-143951,AP-M-4936,1,35.99,14.396,4.5193
18717,2017-42012,1/8/2017 0:00,1/11/2017 0:00,First Class,SW-111101,AP-Y-5082,2,23.98,11.99,3.199
18724,2017-42014,1/10/2017 0:00,1/14/2017 0:00,Standard,SP-112901,SP-K-2908,3,74.97,29.988,4.9988
18725,2017-42017,1/13/2017 0:00,1/17/2017 0:00,Standard,EB-131201,SP-K-2911,5,124.95,49.98,6.998
18726,2017-42017,1/13/2017 0:00,1/18/2017 0:00,2 Day,EA-134501,FW-Y-4234,2,65.98,39.588,6.6186
18727,2017-42017,1/13/2017 0:00,1/18/2017 0:00,2 Day,EA-134501,SP-S-4217,6,155.94,77.97,12.9158
18738,2017-42019,1/15/2017 0:00,1/21/2017 0:00,Standard,ER-147701,AP-M-3124,4,47.96,19.184,3.9184
18739,2017-42019,1/15/2017 0:00,1/21/2017 0:00,Standard,ER-147701,SP-T-5980,5,34.95,6.99,3.398
18740,2017-42019,1/15/2017 0:00,1/21/2017 0:00,Standard,ER-147701,AP-W-3154,4,59.96,17.988,4.3984
18741,2017-42019,1/15/2017 0:00,1/21/2017 0:00,Standard,ER-147701,SP-F-3197,2,61.98,18.594,4.4792
18742,2017-42019,1/15/2017 0:00,1/21/2017 0:00,Standard,ER-147701,FW-Y-3910,2,89.98,53.988,5.5992
18743,2017-42019,1/15/2017 0:00,1/21/2017 0:00,Standard,ER-147701,SP-S-4323,1,25.99,12.995,3.0396
18744,2017-42019,1/15/2017 0:00,1/21/2017 0:00,Standard,ER-147701,SP-F-3158,2,57.98,17.394,4.3192
18745,2017-42019,1/15/2017 0:00,1/21/2017 0:00,Standard,ER-147701,AP-M-4880,4,143.96,57.584,7.7584
18751,2017-42020,1/16/2017 0:00,1/19/2017 0:00,First Class,SW-196901,SP-B-4099,8,167.92,41.98,10.396
18752,2017-42020,1/16/2017 0:00,1/19/2017 0:00,First Class,SW-196901,SP-B-2857,1,25.99,6.4975,3.2995
18759,2017-42021,1/17/2017 0:00,1/19/2017 0:00,2 Day,ER-105401,SP-K-2849,4,95.96,38.384,8.7172
18760,2017-42021,1/17/2017 0:00,1/19/2017 0:00,2 Day,ER-105401,FW-S-4673,3,47.97,23.985,5.3579
18761,2017-42021,1/17/2017 0:00,1/19/2017 0:00,2 Day,ER-105401,SP-S-4217,7,181.93,90.965,14.7351
18780,2017-42026,1/22/2017 0:00,1/26/2017 0:00,Standard,WS-130301,SP-T-3745,3,74.97,14.994,4.9988
18781,2017-42026,1/22/2017 0:00,1/26/2017 0:00,Standard,WS-130301,AP-M-4876,3,107.97,43.188,6.3188
18782,2017-42026,1/22/2017 0:00,1/26/2017 0:00,Standard,WS-130301,FW-H-3623,1,45.99,13.797,3.8396
18783,2017-42026,1/22/2017 0:00,1/26/2017 0:00,Standard,WS-130301,SP-K-6098,6,95.94,38.376,5.8376
18784,2017-42026,1/22/2017 0:00,1/26/2017 0:00,Standard,WS-130301,SP-K-6098,4,63.96,25.584,4.5584
18785,2017-42026,1/22/2017 0:00,1/26/2017 0:00,Standard,WS-130301,SP-K-2908,5,124.95,49.98,6.998
18799,2017-42028,1/24/2017 0:00,1/29/2017 0:00,Standard,CS-122501,AP-W-3511,6,209.94,62.982,10.3976
18800,2017-42028,1/24/2017 0:00,1/29/2017 0:00,Standard,CS-122501,SP-S-6604,4,67.96,33.98,4.7184
18801,2017-42028,1/24/2017 0:00,1/29/2017 0:00,Standard,CS-122501,SP-K-2880,5,119.95,47.98,6.798
18802,2017-42028,1/24/2017 0:00,1/29/2017 0:00,Standard,CS-122501,SP-S-3507,1,23.99,11.995,2.9596
18812,2017-42031,1/27/2017 0:00,2/1/2017 0:00,2 Day,EA-119651,SP-B-4741,7,153.93,38.4825,12.7751
18813,2017-42031,1/27/2017 0:00,2/1/2017 0:00,2 Day,EA-119651,SP-K-2880,2,47.98,19.192,5.3586
18820,2017-42033,1/29/2017 0:00,2/1/2017 0:00,2 Day,CT-113051,AP-M-3124,3,35.97,14.388,4.5179
18821,2017-42033,1/29/2017 0:00,2/1/2017 0:00,2 Day,CT-113051,FW-Y-3917,3,134.97,80.982,11.4479
18834,2017-42035,1/31/2017 0:00,2/6/2017 0:00,Standard,WV-112451,AP-W-3164,3,44.97,13.491,3.7988
18835,2017-42035,1/31/2017 0:00,2/6/2017 0:00,Standard,WV-112451,FW-Y-2864,7,251.93,151.158,12.0772
18836,2017-42035,1/31/2017 0:00,2/6/2017 0:00,Standard,WV-112451,SP-B-3485,2,55.98,13.995,4.2392
18837,2017-42035,1/31/2017 0:00,2/6/2017 0:00,Standard,WV-112451,SP-K-2904,5,119.95,47.98,6.798
18838,2017-42035,1/31/2017 0:00,2/6/2017 0:00,Standard,WV-112451,SP-K-2848,2,47.98,19.192,3.9192
18839,2017-42035,1/31/2017 0:00,2/6/2017 0:00,Standard,WV-112451,SP-K-2909,1,24.99,9.996,2.9996
18850,2017-42038,2/3/2017 0:00,2/8/2017 0:00,Standard,EO-113501,FW-Y-3910,2,89.98,53.988,5.5992
18851,2017-42038,2/3/2017 0:00,2/8/2017 0:00,Standard,EO-113501,AP-Y-4783,2,23.98,11.99,2.9592
18852,2017-42038,2/3/2017 0:00,2/8/2017 0:00,Standard,EO-113501,SP-K-2906,2,49.98,19.992,3.9992
18853,2017-42038,2/3/2017 0:00,2/6/2017 0:00,First Class,EW-135851,SP-S-3159,2,47.98,23.99,4.399
18854,2017-42038,2/3/2017 0:00,2/6/2017 0:00,First Class,EW-135851,AP-W-3121,5,54.95,16.485,4.7475
18855,2017-42038,2/3/2017 0:00,2/6/2017 0:00,First Class,EW-135851,SP-F-3199,9,278.91,83.673,15.9455
18868,2017-42041,2/6/2017 0:00,2/9/2017 0:00,2 Day,SB-120251,SP-K-2909,4,99.96,39.984,8.9972
18869,2017-42041,2/6/2017 0:00,2/9/2017 0:00,2 Day,SB-120251,SP-F-3200,5,154.95,46.485,12.8465
18870,2017-42041,2/6/2017 0:00,2/10/2017 0:00,Standard,CC-143351,SP-B-5299,5,314.95,78.7375,14.598
18871,2017-42041,2/6/2017 0:00,2/10/2017 0:00,Standard,CC-143351,AP-W-3509,5,174.95,52.485,8.998
18885,2017-42047,2/12/2017 0:00,2/14/2017 0:00,2 Day,ES-118451,FW-S-4415,4,47.96,23.98,5.3572
18886,2017-42047,2/12/2017 0:00,2/14/2017 0:00,2 Day,ES-118451,AP-W-3163,3,44.97,13.491,5.1479
18910,2017-42053,2/18/2017 0:00,2/20/2017 0:00,First Class,CR-128201,FW-H-3649,1,42.99,12.897,4.1495
18911,2017-42053,2/18/2017 0:00,2/20/2017 0:00,First Class,CR-128201,AP-W-3136,4,59.96,17.988,4.998
18912,2017-42053,2/18/2017 0:00,2/20/2017 0:00,First Class,CR-128201,SP-B-3972,6,125.94,31.485,8.297
18925,2017-42056,2/21/2017 0:00,2/26/2017 0:00,2 Day,EP-110951,SP-F-3202,3,92.97,27.891,8.5079
18926,2017-42056,2/21/2017 0:00,2/24/2017 0:00,First Class,CW-149351,AP-W-3169,2,69.98,20.994,5.499
18927,2017-42056,2/21/2017 0:00,2/24/2017 0:00,First Class,CW-149351,FW-Y-3917,1,44.99,26.994,4.2495
18937,2017-42059,2/24/2017 0:00,3/3/2017 0:00,Standard,CC-106151,AP-W-3120,5,54.95,16.485,4.198
18938,2017-42059,2/24/2017 0:00,3/3/2017 0:00,Standard,CC-106151,SP-F-3081,5,144.95,43.485,7.798
18940,2017-42060,2/25/2017 0:00,3/1/2017 0:00,Standard,CB-124151,SP-K-2923,4,99.96,39.984,5.9984
18941,2017-42060,2/25/2017 0:00,3/1/2017 0:00,Standard,WR-101407,AP-M-3373,5,59.95,23.98,4.398
18942,2017-42060,2/25/2017 0:00,3/1/2017 0:00,Standard,WR-101407,SP-S-6604,5,84.95,42.475,5.398
18944,2017-42061,2/26/2017 0:00,3/2/2017 0:00,Standard,EW-202451,FW-H-3621,5,229.95,68.985,11.198
18945,2017-42061,2/26/2017 0:00,3/2/2017 0:00,Standard,EW-202451,FW-S-4412,2,27.98,13.99,3.1192
18947,2017-42062,2/27/2017 0:00,3/1/2017 0:00,2 Day,ET-115301,AP-W-3804,8,199.92,59.976,15.9944
18948,2017-42062,2/27/2017 0:00,3/1/2017 0:00,2 Day,ET-115301,FW-S-4416,3,35.97,17.985,4.5179
18949,2017-42062,2/27/2017 0:00,3/1/2017 0:00,2 Day,ET-115301,SP-S-3843,4,95.96,47.98,8.7172
18950,2017-42062,2/27/2017 0:00,3/1/2017 0:00,2 Day,ET-115301,SP-B-4741,4,87.96,21.99,8.1572
18951,2017-42062,2/27/2017 0:00,3/1/2017 0:00,2 Day,ET-115301,SP-S-3842,4,95.96,47.98,8.7172
18952,2017-42062,2/27/2017 0:00,3/4/2017 0:00,Standard,WB-130601,AP-W-2878,2,21.98,6.594,2.8792
18953,2017-42062,2/27/2017 0:00,3/4/2017 0:00,Standard,WB-130601,FW-Y-5171,2,17.98,10.788,2.7192
18954,2017-42062,2/27/2017 0:00,3/4/2017 0:00,Standard,WB-130601,SP-S-4217,4,103.96,51.98,6.1584
18968,2017-42067,3/4/2017 0:00,3/9/2017 0:00,Standard,ET-113951,FW-R-3423,7,538.93,215.572,23.5572
18981,2017-42069,3/6/2017 0:00,3/6/2017 0:00,Next Day,SB-125351,SP-B-4729,2,35.98,8.995,5.2382
18982,2017-42069,3/6/2017 0:00,3/6/2017 0:00,Next Day,SB-125351,SP-K-2909,6,149.94,59.976,15.4946
18983,2017-42069,3/6/2017 0:00,3/6/2017 0:00,Next Day,SB-125351,AP-M-3748,3,35.97,14.388,5.2373
18984,2017-42069,3/6/2017 0:00,3/6/2017 0:00,Next Day,SB-125351,SP-K-2905,4,99.96,39.984,10.9964
18991,2017-42070,3/7/2017 0:00,3/13/2017 0:00,Standard,EW-135401,SP-B-5294,4,11.96,2.99,2.4784
18992,2017-42070,3/7/2017 0:00,3/13/2017 0:00,Standard,EW-135401,SP-F-3199,2,61.98,18.594,4.4792
18993,2017-42070,3/7/2017 0:00,3/11/2017 0:00,Standard,WC-142451,SP-S-4324,7,181.93,90.965,9.2772
18994,2017-42070,3/7/2017 0:00,3/11/2017 0:00,Standard,WC-142451,AP-W-3812,2,49.98,14.994,3.9992
18995,2017-42070,3/7/2017 0:00,3/11/2017 0:00,Standard,WC-142451,SP-B-3972,6,125.94,31.485,7.0376
18996,2017-42070,3/7/2017 0:00,3/11/2017 0:00,Standard,WC-142451,SP-F-2910,4,111.96,33.588,6.4784
19009,2017-42073,3/10/2017 0:00,3/14/2017 0:00,Standard,SW-169901,AP-M-4872,2,31.98,12.792,3.2792
19026,2017-42076,3/13/2017 0:00,3/18/2017 0:00,Standard,CS-113801,SP-T-3745,3,74.97,14.994,4.9988
19027,2017-42076,3/13/2017 0:00,3/18/2017 0:00,Standard,WA-147251,SP-K-2849,9,215.91,86.364,10.6364
19063,2017-42081,3/18/2017 0:00,3/24/2017 0:00,Standard,CS-106301,SP-F-3192,2,61.98,18.594,4.4792
19076,2017-42082,3/19/2017 0:00,3/23/2017 0:00,Standard,EP-110501,SP-K-2923,5,124.95,49.98,6.998
19077,2017-42082,3/19/2017 0:00,3/23/2017 0:00,Standard,EP-110501,SP-B-5299,5,314.95,78.7375,14.598
19084,2017-42082,3/19/2017 0:00,3/24/2017 0:00,Standard,EW-202751,SP-B-3455,4,111.96,27.99,6.4784
19099,2017-42084,3/21/2017 0:00,3/25/2017 0:00,Standard,CW-149351,AP-M-4877,7,251.93,100.772,12.0772
19108,2017-42085,3/22/2017 0:00,3/28/2017 0:00,Standard,SW-190301,SP-B-2886,1,25.99,6.4975,3.0396
19109,2017-42085,3/22/2017 0:00,3/26/2017 0:00,Standard,SW-196901,SP-S-4009,5,119.95,59.975,6.798
19110,2017-42085,3/22/2017 0:00,3/26/2017 0:00,Standard,SW-196901,SP-S-4302,1,25.99,12.995,3.0396
19115,2017-42087,3/24/2017 0:00,3/28/2017 0:00,Standard,WC-106601,SP-T-2920,2,47.98,9.596,3.9192
19117,2017-42087,3/24/2017 0:00,3/30/2017 0:00,Standard,WC-140501,SP-S-6604,6,101.94,50.97,6.0776
19123,2017-42088,3/25/2017 0:00,3/26/2017 0:00,Next Day,CC-106151,SP-T-4891,2,71.98,14.396,8.4782
19126,2017-42088,3/25/2017 0:00,3/28/2017 0:00,First Class,WR-148301,AP-W-3170,1,34.99,10.497,3.7495
19127,2017-42088,3/25/2017 0:00,3/28/2017 0:00,First Class,WR-148301,FW-S-4396,3,122.97,61.485,8.1485
19128,2017-42088,3/25/2017 0:00,3/28/2017 0:00,First Class,WR-148301,SP-K-2852,3,71.97,28.788,5.5985
19130,2017-42089,3/26/2017 0:00,3/27/2017 0:00,First Class,WV-122951,AP-M-4799,2,31.98,12.792,3.599
19131,2017-42089,3/26/2017 0:00,3/27/2017 0:00,First Class,WV-122951,AP-W-3812,4,99.96,29.988,6.998
19132,2017-42089,3/26/2017 0:00,3/27/2017 0:00,First Class,WV-122951,SP-B-2873,4,103.96,25.99,7.198
19133,2017-42089,3/26/2017 0:00,3/27/2017 0:00,First Class,WV-122951,SP-K-2923,4,99.96,39.984,6.998
19134,2017-42089,3/26/2017 0:00,3/27/2017 0:00,First Class,WV-122951,SP-F-3204,9,278.91,83.673,15.9455
19176,2017-42094,3/31/2017 0:00,4/2/2017 0:00,2 Day,WB-101651,FW-Y-4236,5,164.95,98.97,13.5465
19177,2017-42094,3/31/2017 0:00,4/4/2017 0:00,Standard,EP-111551,SP-K-2850,5,119.95,47.98,6.798
19185,2017-42095,4/1/2017 0:00,4/3/2017 0:00,2 Day,SB-129101,AP-W-3809,7,174.93,52.479,14.2451
19186,2017-42095,4/1/2017 0:00,4/3/2017 0:00,2 Day,SB-129101,FW-Y-2867,5,179.95,107.97,14.5965
19187,2017-42095,4/1/2017 0:00,4/5/2017 0:00,Standard,CS-131801,FW-H-3643,2,85.98,25.794,5.4392
19188,2017-42095,4/1/2017 0:00,4/6/2017 0:00,Standard,WO-134351,AP-W-3782,5,124.95,37.485,6.998
19195,2017-42096,4/2/2017 0:00,4/5/2017 0:00,2 Day,ER-100901,SP-T-3018,6,143.94,28.788,12.0758
19196,2017-42096,4/2/2017 0:00,4/5/2017 0:00,2 Day,ER-100901,SP-F-3206,5,154.95,46.485,12.8465
19207,2017-42097,4/3/2017 0:00,4/6/2017 0:00,First Class,ET-104351,SP-B-5295,4,35.96,8.99,3.798
19214,2017-42099,4/5/2017 0:00,4/9/2017 0:00,Standard,WM-107051,AP-W-3809,4,99.96,29.988,5.9984
19215,2017-42099,4/5/2017 0:00,4/6/2017 0:00,First Class,WS-130301,SP-S-4009,1,23.99,11.995,3.1995
19216,2017-42099,4/5/2017 0:00,4/6/2017 0:00,First Class,WS-130301,AP-W-3162,2,29.98,8.994,3.499
19217,2017-42099,4/5/2017 0:00,4/6/2017 0:00,First Class,WS-130301,AP-W-3782,1,24.99,7.497,3.2495
19220,2017-42101,4/7/2017 0:00,4/11/2017 0:00,Standard,CS-121751,SP-K-2869,5,119.95,47.98,6.798
19222,2017-42102,4/8/2017 0:00,4/13/2017 0:00,Standard,CS-124001,FW-R-3332,3,230.97,92.388,11.2388
19223,2017-42102,4/8/2017 0:00,4/13/2017 0:00,Standard,CS-124001,AP-M-4936,3,107.97,43.188,6.3188
19224,2017-42102,4/8/2017 0:00,4/13/2017 0:00,Standard,CS-124001,FW-Y-5165,3,26.97,16.182,3.0788
19225,2017-42102,4/8/2017 0:00,4/13/2017 0:00,Standard,CS-124001,FW-R-3412,2,153.98,61.592,8.1592
19226,2017-42102,4/8/2017 0:00,4/13/2017 0:00,Standard,CS-124001,SP-K-2852,2,47.98,19.192,3.9192
19227,2017-42102,4/8/2017 0:00,4/12/2017 0:00,Standard,ER-147701,AP-W-3161,2,29.98,8.994,3.1992
19228,2017-42102,4/8/2017 0:00,4/12/2017 0:00,Standard,ER-147701,SP-B-2875,2,51.98,12.995,4.0792
19237,2017-42104,4/10/2017 0:00,4/12/2017 0:00,First Class,ES-118001,SP-T-4891,3,107.97,21.594,7.3985
19238,2017-42104,4/10/2017 0:00,4/12/2017 0:00,First Class,ES-118001,SP-S-3842,4,95.96,47.98,6.798
19239,2017-42104,4/10/2017 0:00,4/12/2017 0:00,First Class,ES-118001,SP-B-3503,3,83.97,20.9925,6.1985
19240,2017-42104,4/10/2017 0:00,4/12/2017 0:00,First Class,ES-118001,SP-F-3076,3,86.97,26.091,6.3485
19241,2017-42104,4/10/2017 0:00,4/12/2017 0:00,First Class,ES-118001,SP-F-3199,2,61.98,18.594,5.099
19242,2017-42104,4/10/2017 0:00,4/12/2017 0:00,First Class,ES-118001,SP-S-6604,2,33.98,16.99,3.699
19249,2017-42105,4/11/2017 0:00,4/15/2017 0:00,Standard,WS-117551,SP-B-5295,4,35.96,8.99,3.4384
19250,2017-42105,4/11/2017 0:00,4/15/2017 0:00,Standard,WS-117551,FW-Y-4233,3,98.97,59.382,5.9588
19251,2017-42105,4/11/2017 0:00,4/15/2017 0:00,Standard,WB-133601,SP-T-4891,5,179.95,35.99,9.198
19252,2017-42105,4/11/2017 0:00,4/15/2017 0:00,Standard,WB-133601,AP-M-3748,1,11.99,4.796,2.4796
19263,2017-42106,4/12/2017 0:00,4/19/2017 0:00,Standard,EW-172151,AP-M-4875,5,179.95,71.98,9.198
19264,2017-42106,4/12/2017 0:00,4/19/2017 0:00,Standard,EW-172151,SP-B-3974,7,146.93,36.7325,7.8772
19269,2017-42108,4/14/2017 0:00,4/16/2017 0:00,First Class,CW-196301,SP-K-2869,5,119.95,47.98,7.9975
19270,2017-42108,4/14/2017 0:00,4/16/2017 0:00,First Class,CW-196301,SP-S-6604,1,16.99,8.495,2.8495
19272,2017-42109,4/15/2017 0:00,4/18/2017 0:00,First Class,WB-101651,SP-B-5298,3,98.97,24.7425,6.9485
19273,2017-42109,4/15/2017 0:00,4/18/2017 0:00,First Class,WB-101651,SP-B-5299,3,188.97,47.2425,11.4485
19274,2017-42109,4/15/2017 0:00,4/18/2017 0:00,First Class,WB-101651,SP-S-4323,3,77.97,38.985,5.8985
19275,2017-42109,4/15/2017 0:00,4/20/2017 0:00,Standard,SS-123551,FW-H-3409,3,137.97,41.391,7.5188
19276,2017-42109,4/15/2017 0:00,4/20/2017 0:00,Standard,SS-123551,SP-K-2850,3,71.97,28.788,4.8788
19278,2017-42109,4/15/2017 0:00,4/19/2017 0:00,Standard,EW-135851,FW-H-3621,8,367.92,110.376,16.7168
19281,2017-42110,4/16/2017 0:00,4/21/2017 0:00,Standard,CA-104801,SP-S-3843,3,71.97,35.985,4.8788
19282,2017-42110,4/16/2017 0:00,4/18/2017 0:00,First Class,EP-110951,SP-K-6098,3,47.97,19.188,4.3985
19304,2017-42112,4/18/2017 0:00,4/24/2017 0:00,Standard,CR-204251,AP-Y-5082,5,59.95,29.975,4.398
19305,2017-42112,4/18/2017 0:00,4/24/2017 0:00,Standard,CR-204251,SP-K-2880,2,47.98,19.192,3.9192
19306,2017-42112,4/18/2017 0:00,4/24/2017 0:00,Standard,CR-204251,SP-K-2850,5,119.95,47.98,6.798
19307,2017-42112,4/18/2017 0:00,4/24/2017 0:00,Standard,CR-204251,SP-S-6604,4,67.96,33.98,4.7184
19308,2017-42112,4/18/2017 0:00,4/24/2017 0:00,Standard,CR-204251,SP-K-2880,6,143.94,57.576,7.7576
19312,2017-42115,4/21/2017 0:00,4/25/2017 0:00,Standard,WV-122951,SP-K-2849,7,167.93,67.172,8.7172
19313,2017-42115,4/21/2017 0:00,4/25/2017 0:00,Standard,WV-122951,SP-K-2849,4,95.96,38.384,5.8384
19323,2017-42116,4/22/2017 0:00,4/25/2017 0:00,First Class,SW-159551,FW-Y-3917,3,134.97,80.982,8.7485
19324,2017-42116,4/22/2017 0:00,4/25/2017 0:00,First Class,SW-159551,AP-M-4945,1,25.99,10.396,3.2995
19368,2017-42122,4/28/2017 0:00,4/30/2017 0:00,First Class,WP-109151,SP-B-3455,4,111.96,27.99,7.598
19369,2017-42122,4/28/2017 0:00,4/30/2017 0:00,First Class,WP-109151,SP-B-3445,2,55.98,13.995,4.799
19370,2017-42122,4/28/2017 0:00,4/30/2017 0:00,First Class,WP-109151,SP-B-5296,3,50.97,12.7425,4.5485
19381,2017-42125,5/1/2017 0:00,5/6/2017 0:00,Standard,CS-106301,SP-F-6129,3,59.97,17.991,4.3988
19382,2017-42125,5/1/2017 0:00,5/6/2017 0:00,Standard,CS-106301,SP-F-3054,3,86.97,26.091,5.4788
19383,2017-42125,5/1/2017 0:00,5/6/2017 0:00,Standard,CS-106301,SP-F-3192,2,61.98,18.594,4.4792
19387,2017-42125,5/1/2017 0:00,5/6/2017 0:00,Standard,EA-140351,SP-B-3972,2,41.98,10.495,3.6792
19407,2017-42127,5/3/2017 0:00,5/8/2017 0:00,Standard,EW-135851,FW-Y-3916,3,134.97,80.982,7.3988
19409,2017-42128,5/4/2017 0:00,5/9/2017 0:00,Standard,EO-113501,FW-R-3410,5,384.95,153.98,17.398
19410,2017-42128,5/4/2017 0:00,5/9/2017 0:00,Standard,EO-113501,SP-K-6098,5,79.95,31.98,5.198
19411,2017-42128,5/4/2017 0:00,5/9/2017 0:00,Standard,EO-113501,SP-K-6098,4,63.96,25.584,4.5584
19412,2017-42128,5/4/2017 0:00,5/9/2017 0:00,Standard,EO-113501,FW-Y-2871,2,71.98,43.188,4.8792
19413,2017-42128,5/4/2017 0:00,5/9/2017 0:00,Standard,EO-113501,SP-F-3051,2,55.98,16.794,4.2392
19414,2017-42128,5/4/2017 0:00,5/9/2017 0:00,2 Day,WB-129701,SP-T-3078,8,199.92,39.984,15.9944
19415,2017-42128,5/4/2017 0:00,5/9/2017 0:00,2 Day,WB-129701,SP-T-4891,2,71.98,14.396,7.0386
19418,2017-42129,5/5/2017 0:00,5/10/2017 0:00,2 Day,EC-122201,SP-B-2863,2,51.98,12.995,5.6386
19419,2017-42129,5/5/2017 0:00,5/10/2017 0:00,Standard,SW-169901,AP-W-3509,5,174.95,52.485,8.998
19420,2017-42129,5/5/2017 0:00,5/10/2017 0:00,Standard,SW-169901,FW-R-3333,1,76.99,30.796,5.0796
19421,2017-42129,5/5/2017 0:00,5/10/2017 0:00,Standard,SW-169901,SP-S-3839,3,71.97,35.985,4.8788
19448,2017-42132,5/8/2017 0:00,5/13/2017 0:00,Standard,CB-100601,AP-M-3373,1,11.99,4.796,2.4796
19449,2017-42132,5/8/2017 0:00,5/12/2017 0:00,Standard,WS-119501,AP-W-3511,7,244.93,73.479,11.7972
19450,2017-42132,5/8/2017 0:00,5/12/2017 0:00,Standard,WW-195401,FW-S-4421,5,59.95,29.975,4.398
19451,2017-42132,5/8/2017 0:00,5/12/2017 0:00,Standard,WW-195401,FW-S-4413,2,27.98,13.99,3.1192
19452,2017-42132,5/8/2017 0:00,5/12/2017 0:00,Standard,WW-195401,SP-B-2863,2,51.98,12.995,4.0792
19453,2017-42132,5/8/2017 0:00,5/12/2017 0:00,Standard,WW-195401,FW-S-4419,1,11.99,5.995,2.4796
19475,2017-42137,5/13/2017 0:00,5/16/2017 0:00,2 Day,CC-104201,SP-T-3015,5,119.95,23.99,10.3965
19476,2017-42137,5/13/2017 0:00,5/16/2017 0:00,2 Day,CC-104201,SP-K-6098,4,63.96,25.584,6.4772
19477,2017-42137,5/13/2017 0:00,5/19/2017 0:00,Standard,CS-121751,FW-R-3424,5,384.95,153.98,17.398
19478,2017-42137,5/13/2017 0:00,5/19/2017 0:00,Standard,CS-121751,SP-S-3839,2,47.98,23.99,3.9192
19479,2017-42137,5/13/2017 0:00,5/19/2017 0:00,Standard,CS-121751,SP-K-2923,4,99.96,39.984,5.9984
19480,2017-42137,5/13/2017 0:00,5/19/2017 0:00,Standard,CS-121751,SP-B-4099,1,20.99,5.2475,2.8396
19482,2017-42137,5/13/2017 0:00,5/15/2017 0:00,2 Day,EA-127751,AP-M-4947,5,129.95,51.98,11.0965
19483,2017-42137,5/13/2017 0:00,5/15/2017 0:00,2 Day,EA-127751,FW-Y-3916,5,224.95,134.97,17.7465
19484,2017-42137,5/13/2017 0:00,5/15/2017 0:00,2 Day,EA-127751,SP-F-6129,2,39.98,11.994,4.7986
19485,2017-42137,5/13/2017 0:00,5/15/2017 0:00,2 Day,EA-127751,SP-F-3081,2,57.98,17.394,6.0586
19493,2017-42138,5/14/2017 0:00,5/19/2017 0:00,2 Day,WW-119051,SP-K-2909,9,224.91,89.964,17.7437
19527,2017-42143,5/19/2017 0:00,5/21/2017 0:00,First Class,CB-101051,AP-W-2879,2,21.98,6.594,3.099
19546,2017-42144,5/20/2017 0:00,5/24/2017 0:00,Standard,CT-107351,SP-B-2872,2,51.98,12.995,4.0792
19547,2017-42144,5/20/2017 0:00,5/22/2017 0:00,2 Day,WC-111251,FW-S-4661,12,215.88,107.94,17.1116
19548,2017-42144,5/20/2017 0:00,5/22/2017 0:00,2 Day,WC-111251,AP-M-4870,1,15.99,6.396,3.1193
19549,2017-42144,5/20/2017 0:00,5/22/2017 0:00,2 Day,WC-111251,SP-B-4741,1,21.99,5.4975,3.5393
19550,2017-42144,5/20/2017 0:00,5/22/2017 0:00,2 Day,WC-111251,SP-B-4729,2,35.98,8.995,4.5186
19564,2017-42145,5/21/2017 0:00,5/21/2017 0:00,Next Day,CR-104051,SP-K-6098,2,31.98,12.792,4.8782
19565,2017-42145,5/21/2017 0:00,5/25/2017 0:00,Standard,CC-124301,FW-S-4410,8,111.92,55.96,6.4768
19566,2017-42145,5/21/2017 0:00,5/25/2017 0:00,Standard,CC-124301,AP-Y-5489,1,24.99,12.495,2.9996
19567,2017-42145,5/21/2017 0:00,5/25/2017 0:00,Standard,CC-124301,FW-Y-4233,1,32.99,19.794,3.3196
19600,2017-42152,5/28/2017 0:00,6/4/2017 0:00,Standard,SW-111101,SP-K-2880,5,119.95,47.98,6.798
19601,2017-42152,5/28/2017 0:00,6/4/2017 0:00,Standard,SW-111101,AP-M-4876,3,107.97,43.188,6.3188
19602,2017-42152,5/28/2017 0:00,6/3/2017 0:00,Standard,WW-134801,AP-W-3509,3,104.97,31.491,6.1988
19603,2017-42152,5/28/2017 0:00,6/3/2017 0:00,Standard,WW-134801,SP-K-2905,2,49.98,19.992,3.9992
19611,2017-42153,5/29/2017 0:00,6/2/2017 0:00,Standard,WM-103601,FW-H-3623,4,183.96,55.188,9.3584
19612,2017-42153,5/29/2017 0:00,6/2/2017 0:00,Standard,WM-103601,SP-S-3843,3,71.97,35.985,4.8788
19640,2017-42157,6/2/2017 0:00,6/6/2017 0:00,2 Day,EB-109901,SP-B-3973,5,104.95,26.2375,9.3465
19641,2017-42157,6/2/2017 0:00,6/7/2017 0:00,Standard,SW-110651,SP-T-5980,3,20.97,4.194,2.8388
19646,2017-42157,6/2/2017 0:00,6/4/2017 0:00,2 Day,CW-149351,SP-B-3972,8,167.92,41.98,13.7544
19647,2017-42157,6/2/2017 0:00,6/4/2017 0:00,2 Day,CW-149351,FW-S-4619,6,107.94,53.97,9.5558
19648,2017-42157,6/2/2017 0:00,6/4/2017 0:00,2 Day,CW-149351,AP-M-5049,3,77.97,31.188,7.4579
19649,2017-42157,6/2/2017 0:00,6/4/2017 0:00,2 Day,CW-149351,AP-M-4879,1,35.99,14.396,4.5193
19650,2017-42157,6/2/2017 0:00,6/4/2017 0:00,2 Day,CW-149351,SP-K-2850,2,47.98,19.192,5.3586
19651,2017-42158,6/3/2017 0:00,6/7/2017 0:00,Standard,SB-102551,SP-T-3059,2,49.98,9.996,3.9992
19652,2017-42158,6/3/2017 0:00,6/7/2017 0:00,Standard,SB-102551,AP-W-3795,1,24.99,7.497,2.9996
19653,2017-42158,6/3/2017 0:00,6/4/2017 0:00,Next Day,SS-118601,SP-S-3842,4,95.96,47.98,10.6364
19654,2017-42158,6/3/2017 0:00,6/6/2017 0:00,2 Day,WO-134351,SP-K-2908,5,124.95,49.98,10.7465
19655,2017-42158,6/3/2017 0:00,6/6/2017 0:00,2 Day,WO-134351,SP-S-6604,6,101.94,50.97,9.1358
19663,2017-42159,6/4/2017 0:00,6/11/2017 0:00,Standard,ER-185501,AP-W-3812,5,124.95,37.485,6.998
19664,2017-42159,6/4/2017 0:00,6/11/2017 0:00,Standard,ER-185501,AP-M-4880,1,35.99,14.396,3.4396
19665,2017-42159,6/4/2017 0:00,6/11/2017 0:00,Standard,ER-185501,AP-M-4947,2,51.98,20.792,4.0792
19666,2017-42159,6/4/2017 0:00,6/11/2017 0:00,Standard,ER-185501,FW-H-3643,2,85.98,25.794,5.4392
19667,2017-42159,6/4/2017 0:00,6/11/2017 0:00,Standard,ER-185501,SP-B-3974,7,146.93,36.7325,7.8772
19668,2017-42159,6/4/2017 0:00,6/11/2017 0:00,Standard,ER-185501,SP-B-3486,2,55.98,13.995,4.2392
19669,2017-42159,6/4/2017 0:00,6/11/2017 0:00,Standard,ER-185501,SP-K-6098,3,47.97,19.188,3.9188
19670,2017-42159,6/4/2017 0:00,6/11/2017 0:00,Standard,ER-185501,SP-S-6604,3,50.97,25.485,4.0388
19674,2017-42160,6/5/2017 0:00,6/11/2017 0:00,Standard,CT-119951,SP-B-5296,3,50.97,12.7425,4.0388
19675,2017-42160,6/5/2017 0:00,6/9/2017 0:00,Standard,EC-128501,SP-F-6129,2,39.98,11.994,3.5992
19679,2017-42160,6/5/2017 0:00,6/11/2017 0:00,Standard,SW-169901,AP-W-2879,2,21.98,6.594,2.8792
19680,2017-42160,6/5/2017 0:00,6/11/2017 0:00,Standard,SW-169901,FW-Y-5174,2,17.98,10.788,2.7192
19682,2017-42161,6/6/2017 0:00,6/7/2017 0:00,First Class,CB-101051,AP-W-3163,3,44.97,13.491,4.2485
19686,2017-42164,6/9/2017 0:00,6/14/2017 0:00,Standard,WW-112001,SP-K-2923,4,99.96,39.984,5.9984
19691,2017-42164,6/9/2017 0:00,6/15/2017 0:00,Standard,SW-171251,SP-K-6098,2,31.98,12.792,3.2792
19702,2017-42166,6/11/2017 0:00,6/14/2017 0:00,First Class,WW-112001,SP-B-5294,5,14.95,3.7375,2.7475
19715,2017-42167,6/12/2017 0:00,6/13/2017 0:00,First Class,WC-111251,SP-T-2921,3,71.97,14.394,5.5985
19716,2017-42167,6/12/2017 0:00,6/13/2017 0:00,First Class,WC-111251,FW-S-4416,1,11.99,5.995,2.5995
19717,2017-42167,6/12/2017 0:00,6/13/2017 0:00,First Class,WC-111251,SP-T-6088,4,199.96,39.992,11.998
19718,2017-42167,6/12/2017 0:00,6/13/2017 0:00,First Class,WC-111251,SP-B-3455,5,139.95,34.9875,8.9975
19719,2017-42167,6/12/2017 0:00,6/13/2017 0:00,First Class,WC-111251,SP-B-5296,1,16.99,4.2475,2.8495
19745,2017-42171,6/16/2017 0:00,6/20/2017 0:00,Standard,WC-125501,AP-W-3121,3,32.97,9.891,3.3188
19761,2017-42172,6/17/2017 0:00,6/22/2017 0:00,Standard,SB-102551,SP-S-3507,4,95.96,47.98,5.8384
19762,2017-42172,6/17/2017 0:00,6/22/2017 0:00,Standard,SB-102551,SP-F-6129,2,39.98,11.994,3.5992
19763,2017-42172,6/17/2017 0:00,6/22/2017 0:00,Standard,SB-102551,SP-S-6604,3,50.97,25.485,4.0388
19764,2017-42172,6/17/2017 0:00,6/19/2017 0:00,2 Day,SS-123551,AP-M-4876,6,215.94,86.376,17.1158
19765,2017-42172,6/17/2017 0:00,6/19/2017 0:00,2 Day,SS-123551,SP-B-5298,5,164.95,41.2375,13.5465
19766,2017-42172,6/17/2017 0:00,6/21/2017 0:00,Standard,SB-125351,SP-B-5296,3,50.97,12.7425,4.0388
19781,2017-42173,6/18/2017 0:00,6/22/2017 0:00,Standard,CR-207401,AP-Y-4600,5,59.95,29.975,4.398
19782,2017-42173,6/18/2017 0:00,6/22/2017 0:00,Standard,CR-207401,AP-M-4947,3,77.97,31.188,5.1188
19783,2017-42174,6/19/2017 0:00,6/24/2017 0:00,Standard,CC-126701,FW-H-3621,9,413.91,124.173,18.5564
19784,2017-42174,6/19/2017 0:00,6/24/2017 0:00,Standard,CC-126701,SP-S-3843,6,143.94,71.97,7.7576
19786,2017-42175,6/20/2017 0:00,6/24/2017 0:00,Standard,CR-104051,AP-M-4876,8,287.92,115.168,13.5168
19787,2017-42175,6/20/2017 0:00,6/24/2017 0:00,Standard,CR-104051,SP-S-3507,2,47.98,23.99,3.9192
19788,2017-42175,6/20/2017 0:00,6/27/2017 0:00,Standard,CB-132701,FW-R-3427,3,224.97,89.988,10.9988
19789,2017-42175,6/20/2017 0:00,6/27/2017 0:00,Standard,CB-132701,SP-K-2848,3,71.97,28.788,4.8788
19792,2017-42175,6/20/2017 0:00,6/24/2017 0:00,Standard,WA-145151,FW-Y-3914,4,179.96,107.976,9.1984
19793,2017-42175,6/20/2017 0:00,6/24/2017 0:00,Standard,WA-145151,SP-S-3328,2,47.98,23.99,3.9192
19809,2017-42176,6/21/2017 0:00,6/28/2017 0:00,Standard,SR-213251,AP-M-4142,3,35.97,14.388,3.4388
19810,2017-42176,6/21/2017 0:00,6/28/2017 0:00,Standard,SR-213251,SP-F-3184,2,57.98,17.394,4.3192
19811,2017-42177,6/22/2017 0:00,6/26/2017 0:00,2 Day,ER-102401,SP-K-2907,6,149.94,59.976,12.4958
19812,2017-42177,6/22/2017 0:00,6/26/2017 0:00,2 Day,ER-102401,FW-Y-5170,5,44.95,26.97,5.1465
19816,2017-42178,6/23/2017 0:00,6/24/2017 0:00,First Class,EC-128501,SP-K-2852,3,71.97,28.788,5.5985
19823,2017-42180,6/25/2017 0:00,6/27/2017 0:00,2 Day,WA-145151,FW-Y-3910,3,134.97,80.982,11.4479
19824,2017-42180,6/25/2017 0:00,6/27/2017 0:00,2 Day,WA-145151,FW-S-4393,2,85.98,42.99,8.0186
19832,2017-42181,6/26/2017 0:00,6/30/2017 0:00,2 Day,WM-107051,FW-R-3428,4,299.96,119.984,22.9972
19838,2017-42182,6/27/2017 0:00,7/4/2017 0:00,Standard,EC-122201,AP-W-3123,14,153.86,46.158,8.1544
19839,2017-42182,6/27/2017 0:00,7/4/2017 0:00,Standard,EC-122201,AP-W-3514,3,104.97,31.491,6.1988
19840,2017-42182,6/27/2017 0:00,7/2/2017 0:00,Standard,SR-128801,FW-S-4641,3,53.97,26.985,4.1588
19841,2017-42182,6/27/2017 0:00,7/2/2017 0:00,Standard,SR-128801,SP-F-3200,6,185.94,55.782,9.4376
19843,2017-42182,6/27/2017 0:00,7/1/2017 0:00,Standard,WO-134351,SP-T-4891,3,107.97,21.594,6.3188
19856,2017-42183,6/28/2017 0:00,6/30/2017 0:00,2 Day,SW-190301,AP-M-4936,5,179.95,71.98,14.5965
19857,2017-42183,6/28/2017 0:00,6/30/2017 0:00,2 Day,SW-190301,FW-Y-4236,3,98.97,59.382,8.9279
19858,2017-42183,6/28/2017 0:00,6/30/2017 0:00,2 Day,SW-190301,SP-S-6604,3,50.97,25.485,5.5679
19859,2017-42185,6/30/2017 0:00,7/5/2017 0:00,Standard,CA-103151,SP-B-2886,3,77.97,19.4925,5.1188
19860,2017-42185,6/30/2017 0:00,7/5/2017 0:00,Standard,CA-103151,SP-K-2848,2,47.98,19.192,3.9192
19861,2017-42185,6/30/2017 0:00,7/7/2017 0:00,Standard,CT-119951,SP-K-2848,9,215.91,86.364,10.6364
19862,2017-42185,6/30/2017 0:00,7/3/2017 0:00,First Class,SR-128801,FW-H-3650,9,386.91,116.073,21.3455
19863,2017-42185,6/30/2017 0:00,7/3/2017 0:00,First Class,SR-128801,FW-Y-3917,2,89.98,53.988,6.499
19864,2017-42185,6/30/2017 0:00,7/3/2017 0:00,First Class,SR-128801,SP-F-6129,3,59.97,17.991,4.9985
19866,2017-42185,6/30/2017 0:00,7/5/2017 0:00,Standard,CC-143351,SP-S-6604,1,16.99,8.495,2.6796
19890,2017-42189,7/4/2017 0:00,7/11/2017 0:00,Standard,WA-122651,FW-Y-5171,9,80.91,48.546,5.2364
19891,2017-42189,7/4/2017 0:00,7/8/2017 0:00,Standard,ES-124601,AP-W-3163,3,44.97,13.491,3.7988
19892,2017-42189,7/4/2017 0:00,7/8/2017 0:00,Standard,ES-124601,FW-Y-5165,1,8.99,5.394,2.3596
19920,2017-42193,7/8/2017 0:00,7/12/2017 0:00,Standard,CT-107351,SP-F-3197,3,92.97,27.891,5.7188
19921,2017-42193,7/8/2017 0:00,7/10/2017 0:00,2 Day,SS-123551,SP-K-6098,3,47.97,19.188,5.3579
19938,2017-42194,7/9/2017 0:00,7/13/2017 0:00,Standard,ER-175451,SP-F-6129,2,39.98,11.994,3.5992
19957,2017-42196,7/11/2017 0:00,7/15/2017 0:00,2 Day,EP-111551,FW-Y-3914,3,134.97,80.982,11.4479
19964,2017-42197,7/12/2017 0:00,7/18/2017 0:00,Standard,WW-184001,SP-F-6129,4,79.96,23.988,5.1984
19967,2017-42198,7/13/2017 0:00,7/19/2017 0:00,Standard,SS-118601,SP-S-3843,1,23.99,11.995,2.9596
19970,2017-42199,7/14/2017 0:00,7/18/2017 0:00,Standard,CR-195251,SP-T-6088,2,99.98,19.996,5.9992
19971,2017-42199,7/14/2017 0:00,7/18/2017 0:00,Standard,CR-195251,SP-S-3159,2,47.98,23.99,3.9192
19998,2017-42203,7/18/2017 0:00,7/22/2017 0:00,Standard,SB-102551,AP-M-5094,2,51.98,20.792,4.0792
20006,2017-42203,7/18/2017 0:00,7/23/2017 0:00,Standard,SW-204551,FW-Y-2867,2,71.98,43.188,4.8792
20015,2017-42206,7/21/2017 0:00,7/26/2017 0:00,Standard,SR-108251,FW-Y-5172,4,35.96,21.576,3.4384
20016,2017-42206,7/21/2017 0:00,7/26/2017 0:00,Standard,SR-108251,FW-S-4673,2,31.98,15.99,3.2792
20017,2017-42206,7/21/2017 0:00,7/26/2017 0:00,Standard,SR-108251,SP-S-6604,2,33.98,16.99,3.3592
20018,2017-42206,7/21/2017 0:00,7/27/2017 0:00,Standard,WS-119501,SP-T-5980,2,13.98,2.796,2.5592
20019,2017-42206,7/21/2017 0:00,7/27/2017 0:00,Standard,WS-119501,FW-Y-2864,1,35.99,21.594,3.4396
20034,2017-42207,7/22/2017 0:00,7/26/2017 0:00,2 Day,SR-108251,AP-W-3154,9,134.91,40.473,11.4437
20035,2017-42207,7/22/2017 0:00,7/26/2017 0:00,2 Day,SR-108251,SP-B-5295,2,17.98,4.495,3.2586
20036,2017-42207,7/22/2017 0:00,7/28/2017 0:00,Standard,SS-118601,SP-B-3975,4,83.96,20.99,5.3584
20043,2017-42207,7/22/2017 0:00,7/27/2017 0:00,Standard,SW-203501,AP-W-3804,6,149.94,44.982,7.9976
20044,2017-42207,7/22/2017 0:00,7/27/2017 0:00,Standard,SW-203501,SP-T-4891,7,251.93,50.386,12.0772
20045,2017-42207,7/22/2017 0:00,7/27/2017 0:00,Standard,SW-203501,SP-K-6098,3,47.97,19.188,3.9188
20046,2017-42207,7/22/2017 0:00,7/26/2017 0:00,Standard,SW-204551,FW-S-4673,2,31.98,15.99,3.2792
20047,2017-42207,7/22/2017 0:00,7/26/2017 0:00,Standard,SW-204551,SP-K-2880,3,71.97,28.788,4.8788
20048,2017-42207,7/22/2017 0:00,7/26/2017 0:00,Standard,SW-204551,SP-S-4217,2,51.98,25.99,4.0792
20056,2017-42209,7/24/2017 0:00,7/28/2017 0:00,Standard,CR-170351,SP-F-3052,4,111.96,33.588,6.4784
20062,2017-42210,7/25/2017 0:00,7/25/2017 0:00,Next Day,WR-148301,AP-M-4871,5,79.95,31.98,9.1955
20077,2017-42213,7/28/2017 0:00,8/2/2017 0:00,2 Day,SW-159551,FW-S-4412,4,55.96,27.98,5.9172
20088,2017-42215,7/30/2017 0:00,8/3/2017 0:00,Standard,EW-146051,AP-M-4875,3,107.97,43.188,6.3188
20100,2017-42217,8/1/2017 0:00,8/6/2017 0:00,Standard,EA-140351,SP-S-6604,3,50.97,25.485,4.0388
20101,2017-42217,8/1/2017 0:00,8/4/2017 0:00,First Class,WC-140501,SP-T-3360,2,49.98,9.996,4.499
20102,2017-42217,8/1/2017 0:00,8/4/2017 0:00,First Class,WC-140501,FW-Y-5170,7,62.93,37.758,5.1465
20105,2017-42217,8/1/2017 0:00,8/1/2017 0:00,Next Day,CW-164351,AP-W-3509,1,34.99,10.497,5.1491
20111,2017-42218,8/2/2017 0:00,8/8/2017 0:00,Standard,SR-213251,AP-Y-3329,3,26.97,13.485,3.0788
20112,2017-42218,8/2/2017 0:00,8/8/2017 0:00,Standard,SR-213251,SP-S-6604,7,118.93,59.465,6.7572
20113,2017-42218,8/2/2017 0:00,8/4/2017 0:00,First Class,CT-107351,AP-W-3160,2,29.98,8.994,3.499
20117,2017-42220,8/4/2017 0:00,8/8/2017 0:00,Standard,CB-101051,AP-M-4936,3,107.97,43.188,6.3188
20121,2017-42220,8/4/2017 0:00,8/7/2017 0:00,2 Day,WA-145151,SP-T-3078,3,74.97,14.994,7.2479
20131,2017-42222,8/6/2017 0:00,8/9/2017 0:00,First Class,SW-190301,SP-F-6129,2,39.98,11.994,3.999
20141,2017-42224,8/8/2017 0:00,8/12/2017 0:00,Standard,EC-124751,AP-M-5094,4,103.96,41.584,6.1584
20153,2017-42224,8/8/2017 0:00,8/13/2017 0:00,Standard,SW-159551,SP-F-6129,10,199.9,59.97,9.996
20154,2017-42224,8/8/2017 0:00,8/13/2017 0:00,Standard,SW-159551,SP-B-5298,2,65.98,16.495,4.6392
20160,2017-42228,8/12/2017 0:00,8/14/2017 0:00,2 Day,WR-129401,SP-K-2849,11,263.89,105.556,20.4723
20166,2017-42229,8/13/2017 0:00,8/13/2017 0:00,Next Day,CB-115451,FW-S-4620,5,89.95,44.975,10.0955
20167,2017-42229,8/13/2017 0:00,8/13/2017 0:00,Next Day,CB-115451,SP-B-3486,5,139.95,34.9875,14.5955
20168,2017-42229,8/13/2017 0:00,8/13/2017 0:00,Next Day,CB-115451,SP-B-4741,3,65.97,16.4925,7.9373
20178,2017-42230,8/14/2017 0:00,8/19/2017 0:00,Standard,EC-128501,SP-K-2880,6,143.94,57.576,7.7576
20179,2017-42230,8/14/2017 0:00,8/19/2017 0:00,Standard,EC-128501,FW-S-4672,2,31.98,15.99,3.2792
20180,2017-42230,8/14/2017 0:00,8/19/2017 0:00,Standard,EC-128501,SP-B-2873,7,181.93,45.4825,9.2772
20181,2017-42230,8/14/2017 0:00,8/19/2017 0:00,Standard,EC-128501,FW-Y-3913,1,44.99,26.994,3.7996
20182,2017-42230,8/14/2017 0:00,8/19/2017 0:00,Standard,EC-128501,SP-K-2880,5,119.95,47.98,6.798
20183,2017-42230,8/14/2017 0:00,8/19/2017 0:00,Standard,EC-128501,SP-F-6129,5,99.95,29.985,5.998
20184,2017-42230,8/14/2017 0:00,8/19/2017 0:00,Standard,EC-128501,AP-M-4945,2,51.98,20.792,4.0792
20194,2017-42232,8/16/2017 0:00,8/20/2017 0:00,Standard,EO-113501,SP-F-3040,8,223.92,67.176,10.9568
20208,2017-42234,8/18/2017 0:00,8/25/2017 0:00,Standard,WW-195401,SP-B-5296,9,152.91,38.2275,8.1164
20209,2017-42234,8/18/2017 0:00,8/25/2017 0:00,Standard,WW-195401,SP-T-5980,3,20.97,4.194,2.8388
20210,2017-42234,8/18/2017 0:00,8/25/2017 0:00,Standard,WW-195401,SP-K-2852,8,191.92,76.768,9.6768
20211,2017-42234,8/18/2017 0:00,8/25/2017 0:00,Standard,WW-195401,AP-W-3814,3,74.97,22.491,4.9988
20212,2017-42234,8/18/2017 0:00,8/25/2017 0:00,Standard,WW-195401,SP-F-6129,2,39.98,11.994,3.5992
20213,2017-42234,8/18/2017 0:00,8/25/2017 0:00,Standard,WW-195401,SP-K-6098,3,47.97,19.188,3.9188
20214,2017-42234,8/18/2017 0:00,8/25/2017 0:00,Standard,WW-195401,SP-S-3159,2,47.98,23.99,3.9192
20218,2017-42235,8/19/2017 0:00,8/23/2017 0:00,Standard,CW-149351,AP-M-4870,9,143.91,57.564,7.7564
20219,2017-42235,8/19/2017 0:00,8/23/2017 0:00,Standard,CW-149351,AP-M-3748,2,23.98,9.592,2.9592
20233,2017-42236,8/20/2017 0:00,8/24/2017 0:00,Standard,WO-134351,SP-K-6098,3,47.97,19.188,3.9188
20240,2017-42237,8/21/2017 0:00,8/26/2017 0:00,Standard,CR-170351,AP-W-3122,3,32.97,9.891,3.3188
20241,2017-42237,8/21/2017 0:00,8/26/2017 0:00,Standard,CR-170351,SP-T-2921,6,143.94,28.788,7.7576
20242,2017-42237,8/21/2017 0:00,8/26/2017 0:00,Standard,CR-170351,SP-F-6129,3,59.97,17.991,4.3988
20252,2017-42238,8/22/2017 0:00,8/23/2017 0:00,First Class,WR-188801,FW-R-3557,3,224.97,89.988,13.2485
20253,2017-42238,8/22/2017 0:00,8/23/2017 0:00,First Class,WR-188801,AP-W-3782,4,99.96,29.988,6.998
20254,2017-42238,8/22/2017 0:00,8/23/2017 0:00,First Class,WR-188801,FW-Y-5164,4,35.96,21.576,3.798
20255,2017-42238,8/22/2017 0:00,8/23/2017 0:00,First Class,WR-188801,SP-B-3973,3,62.97,15.7425,5.1485
20256,2017-42238,8/22/2017 0:00,8/23/2017 0:00,First Class,WR-188801,SP-F-3054,5,144.95,43.485,9.2475
20257,2017-42238,8/22/2017 0:00,8/23/2017 0:00,First Class,WR-188801,SP-K-2908,9,224.91,89.964,13.2455
20258,2017-42238,8/22/2017 0:00,8/23/2017 0:00,First Class,WR-188801,SP-B-5296,4,67.96,16.99,5.398
20278,2017-42242,8/26/2017 0:00,8/29/2017 0:00,2 Day,EW-135401,SP-S-6604,1,16.99,8.495,3.1893
20279,2017-42242,8/26/2017 0:00,8/29/2017 0:00,2 Day,EW-135401,SP-B-5294,2,5.98,1.495,2.4186
20280,2017-42242,8/26/2017 0:00,8/30/2017 0:00,Standard,WA-147251,SP-S-4217,5,129.95,64.975,7.198
20286,2017-42244,8/28/2017 0:00,9/2/2017 0:00,Standard,CR-104051,FW-R-3427,7,524.93,209.972,22.9972
20287,2017-42244,8/28/2017 0:00,8/28/2017 0:00,Next Day,CP-111851,AP-M-4873,14,223.86,89.544,22.1474
20288,2017-42244,8/28/2017 0:00,8/28/2017 0:00,Next Day,CP-111851,SP-S-6604,3,50.97,25.485,6.5873
20289,2017-42244,8/28/2017 0:00,8/30/2017 0:00,2 Day,SR-128801,AP-M-4876,2,71.98,28.792,7.0386
20290,2017-42244,8/28/2017 0:00,8/30/2017 0:00,2 Day,SR-128801,FW-S-3433,3,128.97,64.485,11.0279
20291,2017-42244,8/28/2017 0:00,8/30/2017 0:00,2 Day,SR-128801,SP-T-5980,5,34.95,6.99,4.4465
20292,2017-42244,8/28/2017 0:00,8/30/2017 0:00,2 Day,SR-128801,SP-K-2909,2,49.98,19.992,5.4986
20293,2017-42244,8/28/2017 0:00,8/30/2017 0:00,2 Day,SR-128801,FW-Y-4329,2,65.98,39.588,6.6186
20294,2017-42244,8/28/2017 0:00,8/30/2017 0:00,2 Day,SR-128801,SP-B-2857,4,103.96,25.99,9.2772
20295,2017-42244,8/28/2017 0:00,8/30/2017 0:00,2 Day,SR-128801,SP-S-3159,3,71.97,35.985,7.0379
20296,2017-42244,8/28/2017 0:00,8/30/2017 0:00,2 Day,SR-128801,SP-F-6129,5,99.95,29.985,8.9965
20298,2017-42244,8/28/2017 0:00,8/31/2017 0:00,First Class,ER-175451,AP-W-3170,3,104.97,31.491,7.2485
20299,2017-42244,8/28/2017 0:00,8/31/2017 0:00,First Class,ER-175451,SP-T-4891,8,287.92,57.584,16.396
20300,2017-42244,8/28/2017 0:00,8/31/2017 0:00,First Class,ER-175451,SP-K-2911,6,149.94,59.976,9.497
20317,2017-42246,8/30/2017 0:00,9/5/2017 0:00,Standard,WW-195401,FW-Y-3917,3,134.97,80.982,7.3988
20318,2017-42248,9/1/2017 0:00,9/5/2017 0:00,Standard,WW-109301,AP-W-2879,4,43.96,13.188,3.7584
20319,2017-42248,9/1/2017 0:00,9/5/2017 0:00,Standard,WW-109301,SP-K-2907,3,74.97,29.988,4.9988
20322,2017-42248,9/1/2017 0:00,9/3/2017 0:00,2 Day,SW-111101,FW-S-4620,2,35.98,17.99,4.5186
20323,2017-42248,9/1/2017 0:00,9/3/2017 0:00,2 Day,SW-111101,SP-T-5980,7,48.93,9.786,5.4251
20331,2017-42249,9/2/2017 0:00,9/2/2017 0:00,Next Day,EA-127751,FW-S-4417,7,83.93,41.965,9.5537
20332,2017-42249,9/2/2017 0:00,9/2/2017 0:00,Next Day,WW-195401,FW-R-3556,4,299.96,119.984,28.9964
20333,2017-42249,9/2/2017 0:00,9/2/2017 0:00,Next Day,WW-195401,SP-B-3975,4,83.96,20.99,9.5564
20337,2017-42250,9/3/2017 0:00,9/7/2017 0:00,Standard,CC-106151,FW-S-4398,5,204.95,102.475,10.198
20338,2017-42250,9/3/2017 0:00,9/7/2017 0:00,Standard,CC-106151,FW-R-3410,1,76.99,30.796,5.0796
20339,2017-42250,9/3/2017 0:00,9/7/2017 0:00,Standard,CC-106151,AP-M-5094,2,51.98,20.792,4.0792
20340,2017-42250,9/3/2017 0:00,9/7/2017 0:00,Standard,CC-106151,AP-M-4879,3,107.97,43.188,6.3188
20341,2017-42250,9/3/2017 0:00,9/7/2017 0:00,Standard,CC-106151,AP-W-3812,3,74.97,22.491,4.9988
20342,2017-42250,9/3/2017 0:00,9/7/2017 0:00,Standard,CC-106151,SP-B-5298,2,65.98,16.495,4.6392
20343,2017-42250,9/3/2017 0:00,9/7/2017 0:00,Standard,CC-106151,SP-K-2848,8,191.92,76.768,9.6768
20344,2017-42250,9/3/2017 0:00,9/7/2017 0:00,Standard,CC-106151,SP-S-3328,4,95.96,47.98,5.8384
20345,2017-42250,9/3/2017 0:00,9/7/2017 0:00,Standard,CC-106151,SP-B-2874,3,77.97,19.4925,5.1188
20346,2017-42250,9/3/2017 0:00,9/7/2017 0:00,Standard,CC-106151,FW-Y-3915,2,89.98,53.988,5.5992
20347,2017-42250,9/3/2017 0:00,9/7/2017 0:00,Standard,CC-106151,SP-F-3206,6,185.94,55.782,9.4376
20348,2017-42250,9/3/2017 0:00,9/7/2017 0:00,Standard,CC-106151,SP-B-3972,1,20.99,5.2475,2.8396
20349,2017-42250,9/3/2017 0:00,9/9/2017 0:00,Standard,WW-108401,AP-W-3811,2,49.98,14.994,3.9992
20350,2017-42250,9/3/2017 0:00,9/9/2017 0:00,Standard,WW-108401,SP-F-3158,5,144.95,43.485,7.798
20351,2017-42250,9/3/2017 0:00,9/9/2017 0:00,Standard,WW-108401,SP-B-5298,5,164.95,41.2375,8.598
20361,2017-42250,9/3/2017 0:00,9/5/2017 0:00,2 Day,EW-172151,SP-F-2890,2,55.98,16.794,5.9186
20374,2017-42251,9/4/2017 0:00,9/8/2017 0:00,Standard,WP-109151,SP-K-2849,4,95.96,38.384,5.8384
20385,2017-42252,9/5/2017 0:00,9/6/2017 0:00,First Class,SR-213251,SP-K-2852,7,167.93,67.172,10.3965
20386,2017-42252,9/5/2017 0:00,9/9/2017 0:00,Standard,EB-101501,AP-M-4945,4,103.96,41.584,6.1584
20392,2017-42252,9/5/2017 0:00,9/7/2017 0:00,First Class,CW-149351,FW-H-3623,9,413.91,124.173,22.6955
20393,2017-42252,9/5/2017 0:00,9/7/2017 0:00,First Class,CW-149351,SP-S-4302,3,77.97,38.985,5.8985
20394,2017-42252,9/5/2017 0:00,9/7/2017 0:00,First Class,CW-149351,SP-B-5294,3,8.97,2.2425,2.4485
20413,2017-42253,9/6/2017 0:00,9/7/2017 0:00,First Class,CS-124001,SP-B-5295,1,8.99,2.2475,2.4495
20418,2017-42255,9/8/2017 0:00,9/10/2017 0:00,First Class,WA-103751,SP-S-4115,2,51.98,25.99,4.599
20419,2017-42255,9/8/2017 0:00,9/10/2017 0:00,First Class,WA-103751,SP-S-3328,5,119.95,59.975,7.9975
20422,2017-42255,9/8/2017 0:00,9/12/2017 0:00,Standard,SB-120251,SP-F-2903,5,139.95,41.985,7.598
20423,2017-42255,9/8/2017 0:00,9/12/2017 0:00,Standard,SB-120251,SP-K-2909,3,74.97,29.988,4.9988
20424,2017-42255,9/8/2017 0:00,9/12/2017 0:00,Standard,SB-120251,SP-S-4217,3,77.97,38.985,5.1188
20441,2017-42256,9/9/2017 0:00,9/13/2017 0:00,2 Day,CR-103451,AP-M-5094,6,155.94,62.376,12.9158
20451,2017-42256,9/9/2017 0:00,9/10/2017 0:00,First Class,CC-142451,AP-W-3509,3,104.97,31.491,7.2485
20452,2017-42256,9/9/2017 0:00,9/10/2017 0:00,First Class,CC-142451,SP-T-2922,5,119.95,23.99,7.9975
20484,2017-42258,9/11/2017 0:00,9/14/2017 0:00,First Class,CR-103451,SP-B-4010,2,41.98,10.495,4.099
20491,2017-42258,9/11/2017 0:00,9/16/2017 0:00,2 Day,SW-196901,SP-T-3079,3,74.97,14.994,7.2479
20492,2017-42258,9/11/2017 0:00,9/16/2017 0:00,2 Day,SW-196901,AP-M-4876,6,215.94,86.376,17.1158
20493,2017-42258,9/11/2017 0:00,9/16/2017 0:00,2 Day,SW-196901,AP-M-3124,5,59.95,23.98,6.1965
20494,2017-42258,9/11/2017 0:00,9/16/2017 0:00,2 Day,SW-196901,SP-B-3972,3,62.97,15.7425,6.4079
20495,2017-42258,9/11/2017 0:00,9/16/2017 0:00,2 Day,SW-196901,SP-B-2857,2,51.98,12.995,5.6386
20496,2017-42258,9/11/2017 0:00,9/16/2017 0:00,2 Day,SW-196901,SP-S-4217,5,129.95,64.975,11.0965
20497,2017-42258,9/11/2017 0:00,9/16/2017 0:00,2 Day,SW-196901,SP-K-2869,3,71.97,28.788,7.0379
20498,2017-42258,9/11/2017 0:00,9/16/2017 0:00,2 Day,SW-196901,SP-K-2911,3,74.97,29.988,7.2479
20502,2017-42259,9/12/2017 0:00,9/12/2017 0:00,Next Day,SB-120251,SP-B-4741,5,109.95,27.4875,11.8955
20503,2017-42259,9/12/2017 0:00,9/16/2017 0:00,Standard,SB-120251,SP-B-4729,5,89.95,22.4875,5.598
20504,2017-42259,9/12/2017 0:00,9/12/2017 0:00,Next Day,SB-120251,FW-Y-2867,4,143.96,86.376,14.9564
20505,2017-42259,9/12/2017 0:00,9/17/2017 0:00,Standard,EC-124751,FW-R-3427,5,374.95,149.98,16.998
20506,2017-42259,9/12/2017 0:00,9/17/2017 0:00,Standard,EC-124751,SP-S-3159,3,71.97,35.985,4.8788
20507,2017-42259,9/12/2017 0:00,9/17/2017 0:00,Standard,EC-124751,SP-B-3485,2,55.98,13.995,4.2392
20508,2017-42259,9/12/2017 0:00,9/16/2017 0:00,Standard,SB-129101,SP-S-4323,7,181.93,90.965,9.2772
20532,2017-42262,9/15/2017 0:00,9/20/2017 0:00,Standard,WY-127451,AP-M-4871,7,111.93,44.772,6.4772
20550,2017-42263,9/16/2017 0:00,9/21/2017 0:00,Standard,WB-101651,SP-S-4390,5,129.95,64.975,7.198
20551,2017-42263,9/16/2017 0:00,9/20/2017 0:00,Standard,CB-115451,SP-S-3839,8,191.92,95.96,9.6768
20556,2017-42263,9/16/2017 0:00,9/20/2017 0:00,Standard,CC-121451,SP-B-5299,2,125.98,31.495,7.0392
20557,2017-42263,9/16/2017 0:00,9/18/2017 0:00,2 Day,CS-124001,FW-R-3335,1,76.99,30.796,7.3893
20558,2017-42263,9/16/2017 0:00,9/18/2017 0:00,First Class,WB-130601,AP-W-3182,3,104.97,31.491,7.2485
20562,2017-42263,9/16/2017 0:00,9/22/2017 0:00,Standard,WR-101407,SP-K-2907,7,174.93,69.972,8.9972
20563,2017-42263,9/16/2017 0:00,9/22/2017 0:00,Standard,WR-101407,AP-W-3812,7,174.93,52.479,8.9972
20564,2017-42263,9/16/2017 0:00,9/22/2017 0:00,Standard,WR-101407,FW-S-4397,3,122.97,61.485,6.9188
20576,2017-42264,9/17/2017 0:00,9/22/2017 0:00,Standard,CB-100601,SP-S-6604,4,67.96,33.98,4.7184
20577,2017-42264,9/17/2017 0:00,9/19/2017 0:00,First Class,ER-100901,SP-K-2904,2,47.98,19.192,4.399
20578,2017-42264,9/17/2017 0:00,9/19/2017 0:00,First Class,ER-100901,AP-M-4788,3,47.97,19.188,4.3985
20579,2017-42264,9/17/2017 0:00,9/19/2017 0:00,First Class,ER-100901,AP-M-5094,2,51.98,20.792,4.599
20580,2017-42264,9/17/2017 0:00,9/19/2017 0:00,First Class,ER-100901,FW-Y-3913,3,134.97,80.982,8.7485
20581,2017-42264,9/17/2017 0:00,9/19/2017 0:00,First Class,ER-100901,SP-K-2904,2,47.98,19.192,4.399
20582,2017-42264,9/17/2017 0:00,9/18/2017 0:00,First Class,EB-109901,SP-B-5299,1,62.99,15.7475,5.1495
20583,2017-42264,9/17/2017 0:00,9/18/2017 0:00,First Class,EB-109901,SP-F-6129,2,39.98,11.994,3.999
20585,2017-42264,9/17/2017 0:00,9/21/2017 0:00,Standard,WY-127451,SP-F-3206,5,154.95,46.485,8.198
20589,2017-42265,9/18/2017 0:00,9/22/2017 0:00,2 Day,SR-101351,FW-H-3643,3,128.97,38.691,11.0279
20590,2017-42265,9/18/2017 0:00,9/22/2017 0:00,2 Day,SR-101351,SP-S-3159,3,71.97,35.985,7.0379
20591,2017-42265,9/18/2017 0:00,9/22/2017 0:00,2 Day,SR-101351,SP-T-4891,2,71.98,14.396,7.0386
20592,2017-42265,9/18/2017 0:00,9/22/2017 0:00,2 Day,SR-101351,SP-K-2908,2,49.98,19.992,5.4986
20593,2017-42265,9/18/2017 0:00,9/22/2017 0:00,2 Day,SR-101351,SP-K-2852,3,71.97,28.788,7.0379
20594,2017-42265,9/18/2017 0:00,9/22/2017 0:00,2 Day,SR-101351,SP-K-2852,3,71.97,28.788,7.0379
20595,2017-42265,9/18/2017 0:00,9/22/2017 0:00,2 Day,SR-101351,SP-F-3202,5,154.95,46.485,12.8465
20607,2017-42266,9/19/2017 0:00,9/21/2017 0:00,First Class,SC-128501,SP-T-2920,2,47.98,9.596,4.399
20608,2017-42266,9/19/2017 0:00,9/21/2017 0:00,First Class,SC-128501,SP-B-4729,2,35.98,8.995,3.799
20626,2017-42267,9/20/2017 0:00,9/26/2017 0:00,Standard,CB-101051,AP-W-3160,2,29.98,8.994,3.1992
20627,2017-42267,9/20/2017 0:00,9/26/2017 0:00,Standard,CB-101051,AP-M-4876,2,71.98,28.792,4.8792
20628,2017-42267,9/20/2017 0:00,9/26/2017 0:00,Standard,CB-101051,SP-K-2905,4,99.96,39.984,5.9984
20629,2017-42267,9/20/2017 0:00,9/26/2017 0:00,Standard,CB-101051,SP-T-3078,2,49.98,9.996,3.9992
20633,2017-42267,9/20/2017 0:00,9/24/2017 0:00,Standard,WR-101407,SP-T-3018,2,47.98,9.596,3.9192
20637,2017-42267,9/20/2017 0:00,9/26/2017 0:00,Standard,WR-162101,FW-Y-4234,8,263.92,158.352,12.5568
20638,2017-42267,9/20/2017 0:00,9/26/2017 0:00,Standard,WR-162101,AP-W-3182,3,104.97,31.491,6.1988
20639,2017-42267,9/20/2017 0:00,9/26/2017 0:00,Standard,WR-162101,FW-H-3177,2,91.98,27.594,5.6792
20640,2017-42267,9/20/2017 0:00,9/26/2017 0:00,Standard,WR-162101,SP-B-5299,3,188.97,47.2425,9.5588
20664,2017-42270,9/23/2017 0:00,9/25/2017 0:00,First Class,WA-122651,AP-W-3181,2,69.98,20.994,5.499
20665,2017-42270,9/23/2017 0:00,9/29/2017 0:00,Standard,WW-131951,SP-S-4009,3,71.97,35.985,4.8788
20685,2017-42271,9/24/2017 0:00,9/30/2017 0:00,Standard,WP-109151,FW-H-3177,2,91.98,27.594,5.6792
20686,2017-42271,9/24/2017 0:00,9/30/2017 0:00,Standard,WP-109151,AP-M-3373,2,23.98,9.592,2.9592
20690,2017-42271,9/24/2017 0:00,10/1/2017 0:00,Standard,WS-117551,SP-B-2863,2,51.98,12.995,4.0792
20691,2017-42271,9/24/2017 0:00,10/1/2017 0:00,Standard,WS-117551,SP-K-2904,6,143.94,57.576,7.7576
20692,2017-42271,9/24/2017 0:00,9/26/2017 0:00,2 Day,EW-135401,SP-B-2872,2,51.98,12.995,5.6386
20693,2017-42271,9/24/2017 0:00,9/26/2017 0:00,2 Day,EW-135401,SP-T-6079,3,59.97,11.994,6.1979
20694,2017-42271,9/24/2017 0:00,9/26/2017 0:00,2 Day,EW-135401,SP-K-2906,1,24.99,9.996,3.7493
20707,2017-42272,9/25/2017 0:00,9/25/2017 0:00,Next Day,EP-110951,AP-W-3814,2,49.98,14.994,6.4982
20708,2017-42272,9/25/2017 0:00,9/25/2017 0:00,Next Day,EP-110951,AP-W-3795,3,74.97,22.491,8.7473
20711,2017-42272,9/25/2017 0:00,9/30/2017 0:00,Standard,WA-142301,AP-W-3809,3,74.97,22.491,4.9988
20712,2017-42272,9/25/2017 0:00,9/30/2017 0:00,Standard,WA-142301,AP-Y-6071,3,50.97,25.485,4.0388
20733,2017-42273,9/26/2017 0:00,9/30/2017 0:00,Standard,EA-119651,SP-K-2869,4,95.96,38.384,5.8384
20734,2017-42273,9/26/2017 0:00,9/30/2017 0:00,Standard,CT-119951,FW-S-4418,3,35.97,17.985,3.4388
20735,2017-42273,9/26/2017 0:00,9/30/2017 0:00,Standard,CT-119951,SP-K-2850,2,47.98,19.192,3.9192
20736,2017-42273,9/26/2017 0:00,10/2/2017 0:00,Standard,CW-164351,FW-S-4407,3,41.97,20.985,3.6788
20737,2017-42273,9/26/2017 0:00,10/2/2017 0:00,Standard,CW-164351,FW-Y-3914,8,359.92,215.952,16.3968
20738,2017-42273,9/26/2017 0:00,10/2/2017 0:00,Standard,CW-164351,SP-F-3064,2,57.98,17.394,4.3192
20739,2017-42273,9/26/2017 0:00,10/2/2017 0:00,Standard,CW-164351,SP-B-5296,2,33.98,8.495,3.3592
20752,2017-42276,9/29/2017 0:00,10/2/2017 0:00,First Class,WS-130301,SP-B-4741,2,43.98,10.995,4.199
20753,2017-42276,9/29/2017 0:00,10/2/2017 0:00,First Class,WS-130301,SP-T-2921,2,47.98,9.596,4.399
20754,2017-42276,9/29/2017 0:00,10/2/2017 0:00,First Class,WS-130301,SP-K-2852,4,95.96,38.384,6.798
20755,2017-42276,9/29/2017 0:00,10/2/2017 0:00,First Class,WS-130301,FW-Y-2864,1,35.99,21.594,3.7995
20756,2017-42276,9/29/2017 0:00,10/2/2017 0:00,First Class,WS-130301,AP-M-5049,2,51.98,20.792,4.599
20757,2017-42276,9/29/2017 0:00,10/2/2017 0:00,First Class,WS-130301,SP-S-6604,3,50.97,25.485,4.5485
20760,2017-42277,9/30/2017 0:00,10/6/2017 0:00,Standard,CS-106301,AP-Y-6349,3,50.97,25.485,4.0388
20761,2017-42277,9/30/2017 0:00,10/6/2017 0:00,Standard,CS-106301,SP-K-2848,4,95.96,38.384,5.8384
20762,2017-42277,9/30/2017 0:00,10/6/2017 0:00,Standard,CS-106301,SP-F-3064,2,57.98,17.394,4.3192
20782,2017-42278,10/1/2017 0:00,10/3/2017 0:00,2 Day,ET-115301,AP-M-4140,2,23.98,9.592,3.6786
20783,2017-42278,10/1/2017 0:00,10/4/2017 0:00,First Class,ES-118451,SP-S-4460,3,77.97,38.985,5.8985
20784,2017-42278,10/1/2017 0:00,10/4/2017 0:00,First Class,ES-118451,SP-F-6129,2,39.98,11.994,3.999
20785,2017-42278,10/1/2017 0:00,10/4/2017 0:00,First Class,ES-118451,SP-B-3486,1,27.99,6.9975,3.3995
20786,2017-42278,10/1/2017 0:00,10/3/2017 0:00,2 Day,EC-124751,SP-S-3328,3,71.97,35.985,7.0379
20800,2017-42280,10/3/2017 0:00,10/7/2017 0:00,Standard,EP-111551,SP-S-3507,4,95.96,47.98,5.8384
20812,2017-42280,10/3/2017 0:00,10/7/2017 0:00,2 Day,WW-152201,FW-Y-5172,2,17.98,10.788,3.2586
20819,2017-42280,10/3/2017 0:00,10/9/2017 0:00,Standard,CW-196301,AP-W-2879,1,10.99,3.297,2.4396
20826,2017-42281,10/4/2017 0:00,10/9/2017 0:00,Standard,SR-213251,FW-R-3426,3,224.97,89.988,10.9988
20827,2017-42281,10/4/2017 0:00,10/7/2017 0:00,First Class,SC-104501,SP-K-2905,2,49.98,19.992,4.499
20828,2017-42281,10/4/2017 0:00,10/6/2017 0:00,2 Day,CC-124301,AP-M-3373,3,35.97,14.388,4.5179
20829,2017-42281,10/4/2017 0:00,10/6/2017 0:00,2 Day,CC-124301,FW-Y-5165,4,35.96,21.576,4.5172
20830,2017-42281,10/4/2017 0:00,10/6/2017 0:00,2 Day,CC-124301,SP-B-5295,3,26.97,6.7425,3.8879
20832,2017-42281,10/4/2017 0:00,10/8/2017 0:00,2 Day,WW-168251,SP-B-3455,5,139.95,34.9875,11.7965
20852,2017-42284,10/7/2017 0:00,10/13/2017 0:00,Standard,CR-128201,SP-T-5980,3,20.97,4.194,2.8388
20853,2017-42284,10/7/2017 0:00,10/13/2017 0:00,Standard,CR-128201,AP-M-3373,4,47.96,19.184,3.9184
20854,2017-42284,10/7/2017 0:00,10/13/2017 0:00,Standard,CR-128201,SP-F-6129,3,59.97,17.991,4.3988
20863,2017-42285,10/8/2017 0:00,10/13/2017 0:00,Standard,EB-132101,SP-T-4891,2,71.98,14.396,4.8792
20869,2017-42285,10/8/2017 0:00,10/14/2017 0:00,Standard,EC-132851,FW-H-3638,2,85.98,25.794,5.4392
20874,2017-42286,10/9/2017 0:00,10/12/2017 0:00,First Class,EP-110501,SP-T-4891,1,35.99,7.198,3.7995
20875,2017-42286,10/9/2017 0:00,10/15/2017 0:00,Standard,CS-122501,AP-M-4877,4,143.96,57.584,7.7584
20876,2017-42286,10/9/2017 0:00,10/15/2017 0:00,Standard,CS-122501,AP-W-3814,1,24.99,7.497,2.9996
20877,2017-42286,10/9/2017 0:00,10/15/2017 0:00,Standard,CS-122501,AP-M-4940,2,51.98,20.792,4.0792
20878,2017-42286,10/9/2017 0:00,10/15/2017 0:00,Standard,CS-122501,SP-T-5980,2,13.98,2.796,2.5592
20891,2017-42288,10/11/2017 0:00,10/17/2017 0:00,Standard,EW-202451,FW-S-4641,3,53.97,26.985,4.1588
20892,2017-42290,10/13/2017 0:00,10/16/2017 0:00,First Class,WA-122651,SP-S-4390,2,51.98,25.99,4.599
20905,2017-42290,10/13/2017 0:00,10/15/2017 0:00,2 Day,SW-196901,AP-M-4871,12,191.88,76.752,15.4316
20906,2017-42290,10/13/2017 0:00,10/15/2017 0:00,2 Day,SW-196901,SP-B-5295,2,17.98,4.495,3.2586
20915,2017-42291,10/14/2017 0:00,10/16/2017 0:00,First Class,CR-127301,SP-B-2873,5,129.95,32.4875,8.4975
20916,2017-42291,10/14/2017 0:00,10/21/2017 0:00,Standard,WW-152201,SP-K-2852,5,119.95,47.98,6.798
20917,2017-42291,10/14/2017 0:00,10/21/2017 0:00,Standard,WW-152201,AP-M-4300,6,95.94,38.376,5.8376
20918,2017-42291,10/14/2017 0:00,10/21/2017 0:00,Standard,WW-152201,AP-W-3123,2,21.98,6.594,2.8792
20929,2017-42292,10/15/2017 0:00,10/18/2017 0:00,First Class,SW-159551,FW-Y-2871,2,71.98,43.188,5.599
20939,2017-42294,10/17/2017 0:00,10/22/2017 0:00,Standard,EO-114251,SP-K-2904,5,119.95,47.98,6.798
20948,2017-42297,10/20/2017 0:00,10/25/2017 0:00,Standard,WA-122651,FW-H-3650,3,128.97,38.691,7.1588
20949,2017-42297,10/20/2017 0:00,10/25/2017 0:00,Standard,WA-122651,SP-K-2905,2,49.98,19.992,3.9992
20984,2017-42299,10/22/2017 0:00,10/26/2017 0:00,Standard,CC-142451,SP-B-2872,2,51.98,12.995,4.0792
20985,2017-42299,10/22/2017 0:00,10/26/2017 0:00,Standard,CC-142451,SP-K-2906,4,99.96,39.984,5.9984
20986,2017-42299,10/22/2017 0:00,10/26/2017 0:00,Standard,CC-142451,SP-S-3328,1,23.99,11.995,2.9596
20999,2017-42300,10/23/2017 0:00,10/28/2017 0:00,Standard,WW-131951,FW-R-3412,5,384.95,153.98,17.398
21018,2017-42301,10/24/2017 0:00,10/28/2017 0:00,Standard,WR-157001,AP-W-3812,3,74.97,22.491,4.9988
21027,2017-42302,10/25/2017 0:00,10/31/2017 0:00,Standard,WS-119501,SP-F-6129,4,79.96,23.988,5.1984
21066,2017-42308,10/31/2017 0:00,11/4/2017 0:00,Standard,WW-152201,FW-Y-5164,2,17.98,10.788,2.7192
21084,2017-42309,11/1/2017 0:00,11/6/2017 0:00,Standard,WY-127451,AP-W-3811,4,99.96,29.988,5.9984
21085,2017-42309,11/1/2017 0:00,11/6/2017 0:00,Standard,WY-127451,SP-K-2850,3,71.97,28.788,4.8788
21090,2017-42311,11/3/2017 0:00,11/7/2017 0:00,2 Day,SR-108251,SP-S-4115,2,51.98,25.99,5.6386
21092,2017-42311,11/3/2017 0:00,11/8/2017 0:00,Standard,WS-125051,SP-B-3973,5,104.95,26.2375,6.198
21106,2017-42311,11/3/2017 0:00,11/8/2017 0:00,2 Day,CR-204251,FW-S-4674,2,31.98,15.99,4.2386
21117,2017-42312,11/4/2017 0:00,11/6/2017 0:00,First Class,CR-125801,FW-R-3561,12,899.88,359.952,46.994
21118,2017-42312,11/4/2017 0:00,11/6/2017 0:00,First Class,CR-125801,AP-M-3124,5,59.95,23.98,4.9975
21138,2017-42313,11/5/2017 0:00,11/9/2017 0:00,Standard,WA-122651,AP-M-4142,3,35.97,14.388,3.4388
21139,2017-42313,11/5/2017 0:00,11/9/2017 0:00,Standard,WA-122651,AP-W-3121,9,98.91,29.673,5.9564
21140,2017-42313,11/5/2017 0:00,11/9/2017 0:00,Standard,WA-122651,SP-F-3200,2,61.98,18.594,4.4792
21141,2017-42313,11/5/2017 0:00,11/9/2017 0:00,Standard,WA-122651,SP-K-6098,2,31.98,12.792,3.2792
21155,2017-42314,11/6/2017 0:00,11/8/2017 0:00,First Class,CB-100601,SP-S-3328,10,239.9,119.95,13.995
21156,2017-42314,11/6/2017 0:00,11/8/2017 0:00,First Class,CB-100601,SP-F-6129,3,59.97,17.991,4.9985
21157,2017-42314,11/6/2017 0:00,11/8/2017 0:00,First Class,CB-100601,SP-F-6129,1,19.99,5.997,2.9995
21159,2017-42314,11/6/2017 0:00,11/10/2017 0:00,Standard,EA-106451,SP-S-6604,2,33.98,16.99,3.3592
21173,2017-42315,11/7/2017 0:00,11/14/2017 0:00,Standard,CB-100601,FW-R-3561,7,524.93,209.972,22.9972
21174,2017-42315,11/7/2017 0:00,11/14/2017 0:00,Standard,CB-100601,FW-S-4419,2,23.98,11.99,2.9592
21175,2017-42315,11/7/2017 0:00,11/14/2017 0:00,Standard,CB-100601,AP-M-4870,3,47.97,19.188,3.9188
21177,2017-42315,11/7/2017 0:00,11/13/2017 0:00,Standard,EC-123701,SP-K-6098,2,31.98,12.792,3.2792
21178,2017-42315,11/7/2017 0:00,11/11/2017 0:00,2 Day,CC-124301,SP-B-5298,5,164.95,41.2375,13.5465
21179,2017-42315,11/7/2017 0:00,11/11/2017 0:00,2 Day,CC-124301,SP-F-6129,1,19.99,5.997,3.3993
21200,2017-42316,11/8/2017 0:00,11/13/2017 0:00,2 Day,CB-132701,AP-W-3121,7,76.93,23.079,7.3851
21201,2017-42316,11/8/2017 0:00,11/13/2017 0:00,2 Day,CB-132701,AP-M-3124,3,35.97,14.388,4.5179
21204,2017-42316,11/8/2017 0:00,11/8/2017 0:00,Next Day,WC-140501,SP-K-6098,9,143.91,57.564,14.9519
21211,2017-42317,11/9/2017 0:00,11/14/2017 0:00,2 Day,CR-204251,SP-B-5299,5,314.95,78.7375,24.0465
21224,2017-42319,11/11/2017 0:00,11/12/2017 0:00,First Class,WB-106001,FW-S-4420,4,47.96,23.98,4.398
21225,2017-42319,11/11/2017 0:00,11/12/2017 0:00,First Class,WB-106001,AP-W-3017,2,21.98,6.594,3.099
21226,2017-42319,11/11/2017 0:00,11/12/2017 0:00,First Class,WB-106001,AP-M-3748,6,71.94,28.776,5.597
21227,2017-42319,11/11/2017 0:00,11/12/2017 0:00,First Class,WB-106001,AP-Y-3985,2,23.98,11.99,3.199
21228,2017-42319,11/11/2017 0:00,11/12/2017 0:00,First Class,WB-106001,SP-K-2850,14,335.86,134.344,18.793
21229,2017-42319,11/11/2017 0:00,11/15/2017 0:00,2 Day,WR-129401,SP-K-2906,5,124.95,49.98,10.7465
21239,2017-42320,11/12/2017 0:00,11/17/2017 0:00,2 Day,CB-115451,SP-B-4741,5,109.95,27.4875,9.6965
21242,2017-42320,11/12/2017 0:00,11/17/2017 0:00,Standard,WA-147251,SP-K-2880,5,119.95,47.98,6.798
21243,2017-42320,11/12/2017 0:00,11/17/2017 0:00,Standard,WA-147251,SP-B-2874,1,25.99,6.4975,3.0396
21244,2017-42320,11/12/2017 0:00,11/17/2017 0:00,Standard,WA-147251,SP-S-6604,3,50.97,25.485,4.0388
21254,2017-42321,11/13/2017 0:00,11/17/2017 0:00,Standard,SS-123551,SP-F-3202,2,61.98,18.594,4.4792
21255,2017-42321,11/13/2017 0:00,11/17/2017 0:00,Standard,SS-123551,SP-B-3975,3,62.97,15.7425,4.5188
21256,2017-42321,11/13/2017 0:00,11/17/2017 0:00,Standard,SS-123551,SP-F-6129,3,59.97,17.991,4.3988
21257,2017-42321,11/13/2017 0:00,11/17/2017 0:00,Standard,EB-131201,SP-S-6604,2,33.98,16.99,3.3592
21285,2017-42322,11/14/2017 0:00,11/21/2017 0:00,Standard,SB-120251,AP-M-3125,8,95.92,38.368,5.8368
21286,2017-42322,11/14/2017 0:00,11/17/2017 0:00,First Class,CS-124001,SP-T-4891,3,107.97,21.594,7.3985
21306,2017-42323,11/15/2017 0:00,11/18/2017 0:00,First Class,WW-109301,SP-K-2880,2,47.98,19.192,4.399
21311,2017-42323,11/15/2017 0:00,11/20/2017 0:00,Standard,SW-169901,FW-S-4417,2,23.98,11.99,2.9592
21312,2017-42323,11/15/2017 0:00,11/19/2017 0:00,2 Day,SW-190301,SP-T-4891,6,215.94,43.188,17.1158
21318,2017-42325,11/17/2017 0:00,11/22/2017 0:00,Standard,CS-113801,AP-M-4870,3,47.97,19.188,3.9188
21319,2017-42325,11/17/2017 0:00,11/22/2017 0:00,Standard,CS-113801,SP-B-5296,3,50.97,12.7425,4.0388
21320,2017-42325,11/17/2017 0:00,11/22/2017 0:00,Standard,CS-113801,AP-M-4300,5,79.95,31.98,5.198
21323,2017-42325,11/17/2017 0:00,11/20/2017 0:00,First Class,EC-122201,FW-Y-5165,2,17.98,10.788,2.899
21324,2017-42325,11/17/2017 0:00,11/20/2017 0:00,First Class,EC-122201,SP-T-3079,1,24.99,4.998,3.2495
21325,2017-42325,11/17/2017 0:00,11/20/2017 0:00,First Class,EC-122201,SP-S-4302,6,155.94,77.97,9.797
21326,2017-42325,11/17/2017 0:00,11/20/2017 0:00,First Class,EC-122201,AP-W-3123,3,32.97,9.891,3.6485
21327,2017-42325,11/17/2017 0:00,11/17/2017 0:00,Next Day,CB-124151,SP-S-4115,3,77.97,38.985,9.0173
21334,2017-42325,11/17/2017 0:00,11/17/2017 0:00,Next Day,WW-182351,AP-Y-3329,3,26.97,13.485,4.4273
21335,2017-42325,11/17/2017 0:00,11/23/2017 0:00,Standard,EW-202751,SP-T-5980,8,55.92,11.184,4.2368
21336,2017-42326,11/18/2017 0:00,11/24/2017 0:00,Standard,SS-123551,SP-B-3503,2,55.98,13.995,4.2392
21337,2017-42326,11/18/2017 0:00,11/22/2017 0:00,Standard,EC-123701,FW-Y-4233,4,131.96,79.176,7.2784
21338,2017-42326,11/18/2017 0:00,11/22/2017 0:00,Standard,EC-123701,SP-S-4390,6,155.94,77.97,8.2376
21360,2017-42327,11/19/2017 0:00,11/24/2017 0:00,Standard,WW-152201,SP-B-3455,7,195.93,48.9825,9.8372
21373,2017-42328,11/20/2017 0:00,11/24/2017 0:00,Standard,CB-101051,FW-Y-2862,6,215.94,129.564,10.6376
21374,2017-42328,11/20/2017 0:00,11/24/2017 0:00,Standard,CB-101051,SP-K-2848,2,47.98,19.192,3.9192
21375,2017-42328,11/20/2017 0:00,11/23/2017 0:00,First Class,SR-101351,SP-K-2907,6,149.94,59.976,9.497
21376,2017-42328,11/20/2017 0:00,11/23/2017 0:00,First Class,SR-101351,SP-S-3843,2,47.98,23.99,4.399
21377,2017-42328,11/20/2017 0:00,11/22/2017 0:00,2 Day,EB-101501,SP-B-3479,4,111.96,27.99,9.8372
21378,2017-42328,11/20/2017 0:00,11/22/2017 0:00,2 Day,EB-101501,SP-S-4217,4,103.96,51.98,9.2772
21379,2017-42328,11/20/2017 0:00,11/22/2017 0:00,2 Day,EB-101501,SP-F-6129,1,19.99,5.997,3.3993
21380,2017-42328,11/20/2017 0:00,11/22/2017 0:00,2 Day,EB-101501,FW-Y-5416,2,17.98,10.788,3.2586
21381,2017-42328,11/20/2017 0:00,11/20/2017 0:00,Next Day,SP-107201,SP-K-2904,7,167.93,67.172,17.1137
21382,2017-42328,11/20/2017 0:00,11/20/2017 0:00,Next Day,SP-107201,FW-R-3332,3,230.97,92.388,22.7873
21399,2017-42329,11/21/2017 0:00,11/27/2017 0:00,Standard,ST-116801,FW-Y-4234,5,164.95,98.97,8.598
21400,2017-42329,11/21/2017 0:00,11/27/2017 0:00,Standard,ST-116801,FW-Y-4233,2,65.98,39.588,4.6392
21405,2017-42329,11/21/2017 0:00,11/25/2017 0:00,Standard,WR-101407,FW-S-4651,2,35.98,17.99,3.4392
21421,2017-42330,11/22/2017 0:00,11/26/2017 0:00,Standard,SP-112301,FW-R-3423,1,76.99,30.796,5.0796
21425,2017-42330,11/22/2017 0:00,11/25/2017 0:00,First Class,EC-124751,SP-T-4891,4,143.96,28.792,9.198
21426,2017-42330,11/22/2017 0:00,11/25/2017 0:00,First Class,EC-124751,SP-S-4302,2,51.98,25.99,4.599
21430,2017-42330,11/22/2017 0:00,11/26/2017 0:00,Standard,EW-202751,FW-Y-4234,1,32.99,19.794,3.3196
21433,2017-42332,11/24/2017 0:00,11/28/2017 0:00,Standard,CS-122501,SP-S-4115,2,51.98,25.99,4.0792
21437,2017-42332,11/24/2017 0:00,11/26/2017 0:00,First Class,SC-128501,SP-F-6129,2,39.98,11.994,3.999
21449,2017-42333,11/25/2017 0:00,11/25/2017 0:00,Next Day,SP-112901,FW-R-3424,2,153.98,61.592,15.8582
21450,2017-42333,11/25/2017 0:00,11/25/2017 0:00,Next Day,SP-112901,FW-R-3333,2,153.98,61.592,15.8582
21467,2017-42333,11/25/2017 0:00,11/25/2017 0:00,Next Day,WR-188801,SP-S-3842,1,23.99,11.995,4.1591
21476,2017-42334,11/26/2017 0:00,12/1/2017 0:00,2 Day,SS-115901,FW-S-4673,2,31.98,15.99,4.2386
21488,2017-42335,11/27/2017 0:00,12/1/2017 0:00,Standard,WC-126101,SP-B-4099,7,146.93,36.7325,7.8772
21489,2017-42335,11/27/2017 0:00,12/1/2017 0:00,Standard,WC-126101,SP-B-4010,3,62.97,15.7425,4.5188
21510,2017-42336,11/28/2017 0:00,12/3/2017 0:00,Standard,WR-162101,SP-K-2923,3,74.97,29.988,4.9988
21511,2017-42336,11/28/2017 0:00,12/3/2017 0:00,Standard,WR-162101,SP-S-4009,6,143.94,71.97,7.7576
21512,2017-42336,11/28/2017 0:00,12/4/2017 0:00,Standard,SW-169901,AP-M-4142,8,95.92,38.368,5.8368
21513,2017-42336,11/28/2017 0:00,12/4/2017 0:00,Standard,SW-169901,SP-S-4302,5,129.95,64.975,7.198
21530,2017-42339,12/1/2017 0:00,12/4/2017 0:00,2 Day,EP-110951,AP-M-4873,3,47.97,19.188,5.3579
21537,2017-42339,12/1/2017 0:00,12/5/2017 0:00,Standard,EW-202751,SP-T-3058,5,119.95,23.99,6.798
21547,2017-42340,12/2/2017 0:00,12/6/2017 0:00,Standard,WC-125501,SP-S-4460,7,181.93,90.965,9.2772
21548,2017-42340,12/2/2017 0:00,12/6/2017 0:00,Standard,WC-125501,SP-K-2909,2,49.98,19.992,3.9992
21549,2017-42340,12/2/2017 0:00,12/4/2017 0:00,2 Day,CC-126701,AP-M-4788,3,47.97,19.188,5.3579
21550,2017-42340,12/2/2017 0:00,12/4/2017 0:00,2 Day,CC-126701,SP-T-4891,3,107.97,21.594,9.5579
21551,2017-42340,12/2/2017 0:00,12/4/2017 0:00,2 Day,CC-126701,SP-K-2880,5,119.95,47.98,10.3965
21579,2017-42341,12/3/2017 0:00,12/6/2017 0:00,First Class,ER-100901,SP-B-4729,3,53.97,13.4925,4.6985
21580,2017-42341,12/3/2017 0:00,12/4/2017 0:00,Next Day,WM-103601,SP-B-4011,3,62.97,15.7425,7.6673
21581,2017-42341,12/3/2017 0:00,12/4/2017 0:00,Next Day,WM-103601,SP-K-2850,2,47.98,19.192,6.3182
21582,2017-42341,12/3/2017 0:00,12/4/2017 0:00,Next Day,WM-103601,SP-S-3839,2,47.98,23.99,6.3182
21583,2017-42341,12/3/2017 0:00,12/4/2017 0:00,Next Day,WM-103601,SP-F-6129,6,119.94,35.982,12.7946
21584,2017-42341,12/3/2017 0:00,12/4/2017 0:00,Next Day,WM-103601,SP-B-5295,6,53.94,13.485,6.8546
21586,2017-42341,12/3/2017 0:00,12/7/2017 0:00,Standard,CS-113801,FW-S-4661,5,89.95,44.975,5.598
21587,2017-42341,12/3/2017 0:00,12/7/2017 0:00,Standard,CS-113801,FW-Y-5165,6,53.94,32.364,4.1576
21588,2017-42341,12/3/2017 0:00,12/7/2017 0:00,Standard,CS-113801,FW-H-3623,8,367.92,110.376,16.7168
21589,2017-42341,12/3/2017 0:00,12/7/2017 0:00,Standard,CS-113801,SP-T-4891,1,35.99,7.198,3.4396
21590,2017-42341,12/3/2017 0:00,12/7/2017 0:00,Standard,CS-113801,AP-W-3170,6,209.94,62.982,10.3976
21591,2017-42341,12/3/2017 0:00,12/7/2017 0:00,Standard,CS-113801,AP-W-3511,2,69.98,20.994,4.7992
21592,2017-42341,12/3/2017 0:00,12/7/2017 0:00,Standard,CS-113801,SP-K-2880,8,191.92,76.768,9.6768
21593,2017-42341,12/3/2017 0:00,12/7/2017 0:00,Standard,CB-115451,FW-S-4672,9,143.91,71.955,7.7564
21594,2017-42341,12/3/2017 0:00,12/7/2017 0:00,Standard,CB-115451,SP-B-5298,5,164.95,41.2375,8.598
21595,2017-42341,12/3/2017 0:00,12/7/2017 0:00,Standard,CB-115451,AP-W-3122,1,10.99,3.297,2.4396
21596,2017-42341,12/3/2017 0:00,12/7/2017 0:00,Standard,SB-129101,SP-K-2923,5,124.95,49.98,6.998
21597,2017-42341,12/3/2017 0:00,12/8/2017 0:00,Standard,WR-101407,AP-W-3165,2,29.98,8.994,3.1992
21598,2017-42341,12/3/2017 0:00,12/8/2017 0:00,Standard,WR-101407,SP-B-5299,9,566.91,141.7275,24.6764
21599,2017-42341,12/3/2017 0:00,12/10/2017 0:00,Standard,EW-146051,SP-K-2911,4,99.96,39.984,5.9984
21613,2017-42342,12/4/2017 0:00,12/10/2017 0:00,Standard,ES-124601,SP-K-2904,5,119.95,47.98,6.798
21614,2017-42342,12/4/2017 0:00,12/10/2017 0:00,Standard,ES-124601,AP-W-3161,1,14.99,4.497,2.5996
21615,2017-42342,12/4/2017 0:00,12/10/2017 0:00,Standard,ES-124601,SP-K-2909,2,49.98,19.992,3.9992
21616,2017-42342,12/4/2017 0:00,12/10/2017 0:00,Standard,ES-124601,SP-F-3040,1,27.99,8.397,3.1196
21617,2017-42342,12/4/2017 0:00,12/7/2017 0:00,First Class,WC-125501,SP-S-6604,2,33.98,16.99,3.699
21634,2017-42343,12/5/2017 0:00,12/7/2017 0:00,First Class,CS-122501,SP-F-6129,2,39.98,11.994,3.999
21635,2017-42343,12/5/2017 0:00,12/10/2017 0:00,Standard,CB-124151,SP-T-3058,2,47.98,9.596,3.9192
21642,2017-42343,12/5/2017 0:00,12/10/2017 0:00,Standard,WR-169151,AP-Y-5492,2,49.98,24.99,3.9992
21651,2017-42344,12/6/2017 0:00,12/10/2017 0:00,Standard,WB-101651,SP-K-2848,3,71.97,28.788,4.8788
21652,2017-42344,12/6/2017 0:00,12/10/2017 0:00,Standard,WB-101651,SP-K-6098,6,95.94,38.376,5.8376
21655,2017-42344,12/6/2017 0:00,12/9/2017 0:00,First Class,WS-119501,FW-Y-5165,2,17.98,10.788,2.899
21656,2017-42344,12/6/2017 0:00,12/9/2017 0:00,First Class,WS-119501,SP-F-3051,3,83.97,25.191,6.1985
21673,2017-42346,12/8/2017 0:00,12/13/2017 0:00,Standard,CS-131801,SP-S-6604,3,50.97,25.485,4.0388
21674,2017-42346,12/8/2017 0:00,12/13/2017 0:00,Standard,CS-131801,SP-F-3192,3,92.97,27.891,5.7188
21675,2017-42346,12/8/2017 0:00,12/12/2017 0:00,Standard,EC-132851,FW-Y-3911,6,269.94,161.964,12.7976
21680,2017-42347,12/9/2017 0:00,12/13/2017 0:00,2 Day,SR-101351,SP-B-2873,1,25.99,6.4975,3.8193
21681,2017-42347,12/9/2017 0:00,12/11/2017 0:00,2 Day,WW-119051,SP-T-4891,6,215.94,43.188,17.1158
21710,2017-42348,12/10/2017 0:00,12/14/2017 0:00,2 Day,ET-104351,FW-R-3410,9,692.91,277.164,50.5037
21711,2017-42348,12/10/2017 0:00,12/14/2017 0:00,2 Day,ET-104351,SP-B-3973,1,20.99,5.2475,3.4693
21712,2017-42348,12/10/2017 0:00,12/14/2017 0:00,2 Day,ET-104351,SP-B-4741,2,43.98,10.995,5.0786
21714,2017-42348,12/10/2017 0:00,12/14/2017 0:00,Standard,CA-123101,SP-K-2908,3,74.97,29.988,4.9988
21715,2017-42348,12/10/2017 0:00,12/14/2017 0:00,Standard,CA-123101,SP-T-4891,1,35.99,7.198,3.4396
21719,2017-42348,12/10/2017 0:00,12/12/2017 0:00,2 Day,SB-129101,FW-H-3650,3,128.97,38.691,11.0279
21720,2017-42348,12/10/2017 0:00,12/12/2017 0:00,2 Day,EB-132101,AP-M-4948,6,155.94,62.376,12.9158
21721,2017-42348,12/10/2017 0:00,12/12/2017 0:00,2 Day,EB-132101,SP-K-2848,4,95.96,38.384,8.7172
21722,2017-42348,12/10/2017 0:00,12/12/2017 0:00,2 Day,EB-132101,SP-B-3455,5,139.95,34.9875,11.7965
21723,2017-42348,12/10/2017 0:00,12/12/2017 0:00,2 Day,EB-132101,SP-F-6129,3,59.97,17.991,6.1979
21739,2017-42348,12/10/2017 0:00,12/16/2017 0:00,Standard,EW-172151,SP-K-2849,5,119.95,47.98,6.798
21745,2017-42349,12/11/2017 0:00,12/13/2017 0:00,First Class,WW-108401,FW-Y-3911,2,89.98,53.988,6.499
21746,2017-42349,12/11/2017 0:00,12/13/2017 0:00,First Class,WW-108401,SP-S-6604,2,33.98,16.99,3.699
21747,2017-42349,12/11/2017 0:00,12/13/2017 0:00,2 Day,CP-111851,SP-T-2860,5,119.95,23.99,10.3965
21748,2017-42349,12/11/2017 0:00,12/13/2017 0:00,2 Day,CP-111851,AP-M-5097,3,77.97,31.188,7.4579
21749,2017-42349,12/11/2017 0:00,12/18/2017 0:00,Standard,CP-111851,SP-K-6098,2,31.98,12.792,3.2792
21750,2017-42349,12/11/2017 0:00,12/13/2017 0:00,2 Day,CP-111851,SP-B-3445,3,83.97,20.9925,7.8779
21751,2017-42349,12/11/2017 0:00,12/18/2017 0:00,Standard,CP-111851,SP-K-2909,4,99.96,39.984,5.9984
21752,2017-42349,12/11/2017 0:00,12/13/2017 0:00,First Class,ST-116801,SP-F-6129,3,59.97,17.991,4.9985
21753,2017-42349,12/11/2017 0:00,12/11/2017 0:00,Next Day,EC-122201,SP-B-5296,7,118.93,29.7325,12.7037
21754,2017-42349,12/11/2017 0:00,12/11/2017 0:00,Next Day,EC-122201,SP-K-2905,3,74.97,29.988,8.7473
21764,2017-42350,12/12/2017 0:00,12/13/2017 0:00,First Class,CS-102851,AP-M-4142,7,83.93,33.572,6.1965
21765,2017-42350,12/12/2017 0:00,12/16/2017 0:00,Standard,WA-103751,AP-W-3809,2,49.98,14.994,3.9992
21766,2017-42350,12/12/2017 0:00,12/16/2017 0:00,Standard,WA-103751,SP-S-3159,3,71.97,35.985,4.8788
21767,2017-42350,12/12/2017 0:00,12/16/2017 0:00,Standard,WA-103751,SP-K-2852,1,23.99,9.596,2.9596
21778,2017-42350,12/12/2017 0:00,12/12/2017 0:00,Next Day,WR-193151,FW-S-4416,2,23.98,11.99,4.1582
21779,2017-42350,12/12/2017 0:00,12/12/2017 0:00,Next Day,WR-193151,FW-Y-3913,1,44.99,26.994,6.0491
21780,2017-42350,12/12/2017 0:00,12/12/2017 0:00,Next Day,WR-193151,SP-S-6604,2,33.98,16.99,5.0582
21786,2017-42352,12/14/2017 0:00,12/19/2017 0:00,Standard,EP-110951,FW-H-3621,3,137.97,41.391,7.5188
21791,2017-42352,12/14/2017 0:00,12/14/2017 0:00,Next Day,WW-182201,SP-T-6088,3,149.97,29.994,15.4973
21797,2017-42353,12/15/2017 0:00,12/15/2017 0:00,Next Day,WB-130601,FW-Y-5172,6,53.94,32.364,6.8546
21798,2017-42353,12/15/2017 0:00,12/15/2017 0:00,Next Day,WB-130601,SP-B-5294,6,17.94,4.485,3.6146
21799,2017-42353,12/15/2017 0:00,12/15/2017 0:00,Next Day,WB-130601,FW-Y-4234,3,98.97,59.382,10.9073
21800,2017-42353,12/15/2017 0:00,12/15/2017 0:00,Next Day,WB-130601,AP-M-5097,3,77.97,31.188,9.0173
21815,2017-42355,12/17/2017 0:00,12/21/2017 0:00,Standard,ER-105101,SP-K-2850,5,119.95,47.98,6.798
21816,2017-42355,12/17/2017 0:00,12/22/2017 0:00,2 Day,WY-105551,FW-S-4413,2,27.98,13.99,3.9586
21817,2017-42355,12/17/2017 0:00,12/22/2017 0:00,2 Day,WY-105551,FW-Y-3913,2,89.98,53.988,8.2986
21818,2017-42355,12/17/2017 0:00,12/22/2017 0:00,2 Day,WY-105551,FW-S-4395,2,81.98,40.99,7.7386
21819,2017-42355,12/17/2017 0:00,12/22/2017 0:00,2 Day,WY-105551,SP-K-2906,5,124.95,49.98,10.7465
21828,2017-42356,12/18/2017 0:00,12/24/2017 0:00,Standard,CT-107351,SP-T-4891,2,71.98,14.396,4.8792
21829,2017-42356,12/18/2017 0:00,12/24/2017 0:00,Standard,CT-107351,FW-Y-3917,2,89.98,53.988,5.5992
21830,2017-42356,12/18/2017 0:00,12/24/2017 0:00,Standard,CT-107351,SP-K-2849,3,71.97,28.788,4.8788
21832,2017-42356,12/18/2017 0:00,12/22/2017 0:00,Standard,CA-123101,SP-T-3361,4,99.96,19.992,5.9984
21833,2017-42356,12/18/2017 0:00,12/22/2017 0:00,Standard,CA-123101,SP-S-4324,1,25.99,12.995,3.0396
21836,2017-42356,12/18/2017 0:00,12/21/2017 0:00,First Class,ER-147701,SP-K-2909,2,49.98,19.992,4.499
21843,2017-42357,12/19/2017 0:00,12/24/2017 0:00,Standard,SP-112901,SP-S-6604,5,84.95,42.475,5.398
21844,2017-42357,12/19/2017 0:00,12/24/2017 0:00,Standard,SP-112901,SP-B-4729,2,35.98,8.995,3.4392
21845,2017-42357,12/19/2017 0:00,12/24/2017 0:00,Standard,SP-112901,SP-K-2904,3,71.97,28.788,4.8788
21846,2017-42357,12/19/2017 0:00,12/24/2017 0:00,Standard,SP-112901,SP-F-3202,3,92.97,27.891,5.7188
21861,2017-42358,12/20/2017 0:00,12/22/2017 0:00,First Class,SC-104501,SP-S-4324,2,51.98,25.99,4.599
21874,2017-42360,12/22/2017 0:00,12/29/2017 0:00,Standard,EB-132101,AP-W-3123,3,32.97,9.891,3.3188
21875,2017-42360,12/22/2017 0:00,12/29/2017 0:00,Standard,EB-132101,SP-S-4390,3,77.97,38.985,5.1188
21876,2017-42360,12/22/2017 0:00,12/29/2017 0:00,Standard,EB-132101,SP-F-6129,5,99.95,29.985,5.998
21904,2017-42361,12/23/2017 0:00,12/27/2017 0:00,Standard,CR-204251,FW-S-4669,2,31.98,15.99,3.2792
21925,2017-42363,12/25/2017 0:00,12/30/2017 0:00,Standard,ER-105401,SP-K-2909,3,74.97,29.988,4.9988
21926,2017-42363,12/25/2017 0:00,12/30/2017 0:00,Standard,CC-106151,FW-Y-3915,1,44.99,26.994,3.7996
21927,2017-42363,12/25/2017 0:00,12/29/2017 0:00,Standard,SS-123551,AP-Y-3985,3,35.97,17.985,3.4388
21928,2017-42363,12/25/2017 0:00,12/29/2017 0:00,Standard,SS-123551,FW-S-4840,4,63.96,31.98,4.5584
21944,2017-42364,12/26/2017 0:00,1/2/2018 0:00,Standard,WA-147251,SP-F-6129,7,139.93,41.979,7.5972
21945,2017-42364,12/26/2017 0:00,1/2/2018 0:00,Standard,WA-147251,SP-K-6098,5,79.95,31.98,5.198
21946,2017-42364,12/26/2017 0:00,1/2/2018 0:00,Standard,WA-147251,SP-K-6098,9,143.91,57.564,7.7564
21947,2017-42364,12/26/2017 0:00,1/2/2018 0:00,Standard,WA-147251,SP-B-5299,2,125.98,31.495,7.0392
21948,2017-42364,12/26/2017 0:00,1/2/2018 0:00,Standard,WA-147251,SP-K-6098,3,47.97,19.188,3.9188
21951,2017-42364,12/26/2017 0:00,12/29/2017 0:00,2 Day,SW-159551,FW-S-4412,5,69.95,34.975,6.8965
21952,2017-42364,12/26/2017 0:00,12/29/2017 0:00,2 Day,SW-159551,SP-T-3018,3,71.97,14.394,7.0379
21967,2017-42366,12/28/2017 0:00,12/28/2017 0:00,Next Day,SR-128801,AP-W-3161,2,29.98,8.994,4.6982
21968,2017-42366,12/28/2017 0:00,12/28/2017 0:00,Next Day,SR-128801,SP-B-3445,4,111.96,27.99,12.0764
21969,2017-42367,12/29/2017 0:00,1/3/2018 0:00,Standard,CS-124001,SP-K-6098,5,79.95,31.98,5.198
21970,2017-42367,12/29/2017 0:00,1/3/2018 0:00,Standard,CS-124001,SP-F-6129,1,19.99,5.997,2.7996
21988,2017-42368,12/30/2017 0:00,1/6/2018 0:00,Standard,CP-111851,FW-Y-5416,8,71.92,43.152,4.8768
21989,2017-42368,12/30/2017 0:00,1/3/2018 0:00,Standard,WS-117551,FW-Y-4236,2,65.98,39.588,4.6392
21990,2017-42368,12/30/2017 0:00,1/3/2018 0:00,Standard,WS-117551,SP-F-2910,5,139.95,41.985,7.598
22000,2017-42369,12/31/2017 0:00,1/6/2018 0:00,Standard,CC-124301,SP-B-4011,2,41.98,10.495,3.6792
